,代码,名称,最新价,IOPV实时估值,基金折价率,涨跌额,涨跌幅,成交量,成交额,开盘价,最高价,最低价,昨收,振幅,换手率,量比,委比,外盘,内盘,主力净流入-净额,主力净流入-净占比,超大单净流入-净额,超大单净流入-净占比,大单净流入-净额,大单净流入-净占比,中单净流入-净额,中单净流入-净占比,小单净流入-净额,小单净流入-净占比,现手,买一,卖一,最新份额,流通市值,总市值,数据日期,更新时间
0,560880,家电ETF龙头,1.098,1.0928,-0.48,0.061,5.88,212311.0,23064877.0,1.11,1.11,1.048,1.037,5.98,4.41,1.87,31.54,127681.0,84630.0,-1615244.0,-7.0,-96241.0,-0.42,-1519003.0,-6.59,1038665.0,4.5,576579.0,2.5,-2.0,1.101,1.102,481732000.0,528941736,528941736,2024-07-26,2024-07-26 16:11:48+08:00
1,561120,家电ETF,0.937,0.9339,-0.33,0.051,5.76,198669.0,18423335.0,0.907,0.938,0.907,0.886,3.5,16.4,1.01,16.96,109077.0,89592.0,-2460291.0,-13.35,2019821.0,10.96,-4480112.0,-24.32,1837220.0,9.97,623071.0,3.38,37.0,0.937,0.938,121159900.0,113526826,113526826,2024-07-26,2024-07-26 16:11:44+08:00
2,159996,家电ETF,1.063,1.0614,-0.15,0.055,5.46,1791361.0,188794733.9,1.035,1.066,1.033,1.008,3.27,13.57,2.69,38.58,1041208.0,750153.0,4843241.0,2.57,21706366.0,11.5,-16863125.0,-8.93,2953749.0,1.56,-7796989.0,-4.13,-13557.0,1.063,1.064,1320554848.0,1403749803,1403749803,2024-07-26,2024-07-26 15:34:12+08:00
3,159730,龙头家电ETF,0.883,0.8798,-0.36,0.045,5.37,78698.0,6881204.862,0.846,0.884,0.846,0.838,4.53,17.66,1.82,40.81,34882.0,43816.0,-307094.0,-4.46,2820.0,0.04,-309914.0,-4.5,246980.0,3.59,60114.0,0.87,811.0,0.882,0.883,44571340.0,39356493,39356493,2024-07-26,2024-07-26 15:34:12+08:00
4,512710,军工龙头ETF,0.558,0.5571,-0.16,0.023,4.3,4018804.0,221569612.0,0.535,0.558,0.535,0.535,4.3,5.02,1.95,-20.73,2667797.0,1351007.0,19321147.0,8.72,16149480.0,7.29,3171667.0,1.43,-8695564.0,-3.92,-10625583.0,-4.8,14196.0,0.557,0.558,8005658368.0,4467157369,4467157369,2024-07-26,2024-07-26 16:11:49+08:00
5,512670,国防ETF,0.618,0.618,0.0,0.023,3.87,2305220.0,140783126.0,0.595,0.619,0.594,0.595,4.2,6.73,1.43,-40.43,1428474.0,876746.0,17451749.0,12.4,24440084.0,17.36,-6988335.0,-4.96,-7036194.0,-5.0,-10415555.0,-7.4,362.0,0.618,0.619,3423652608.0,2115817312,2115817312,2024-07-26,2024-07-26 16:11:39+08:00
6,159638,高端装备ETF,0.68,0.6793,-0.1,0.025,3.82,669210.0,44840646.805,0.658,0.681,0.655,0.655,3.97,5.82,1.5,-26.0,419192.0,250018.0,1973611.0,4.4,2998706.0,6.69,-1025095.0,-2.29,-1391883.0,-3.1,-581728.0,-1.3,3185.0,0.679,0.68,1149341936.0,781552516,781552516,2024-07-26,2024-07-26 15:34:09+08:00
7,560280,工程机械ETF,1.03,1.0281,-0.18,0.036,3.62,127755.0,13060243.0,1.003,1.03,1.003,0.994,2.72,12.08,1.51,-0.43,79881.0,47874.0,2358243.0,18.06,1288873.0,9.87,1069370.0,8.19,-1058602.0,-8.11,-1299641.0,-9.95,1.0,1.029,1.03,105752000.0,108924560,108924560,2024-07-26,2024-07-26 16:11:47+08:00
8,159542,工程机械ETF,0.922,0.9227,0.08,0.03,3.36,32969.0,3026670.296,0.9,0.923,0.9,0.892,2.58,6.27,3.56,6.2,22121.0,10848.0,552769.0,18.26,475205.0,15.7,77564.0,2.56,-661184.0,-21.85,108415.0,3.58,20.0,0.912,0.922,52592850.0,48490608,48490608,2024-07-26,2024-07-26 15:34:30+08:00
9,512660,军工ETF,0.895,0.8957,0.08,0.029,3.35,4166518.0,369424126.0,0.866,0.898,0.865,0.866,3.81,4.67,1.4,-73.38,2792917.0,1373601.0,34943346.0,9.46,35242377.0,9.54,-299031.0,-0.08,-15681566.0,-4.24,-19261780.0,-5.21,1754.0,0.895,0.896,8914080000.0,7978101600,7978101600,2024-07-26,2024-07-26 16:11:57+08:00
10,512810,国防军工ETF,1.028,1.0291,0.11,0.033,3.32,561962.0,56975317.0,0.996,1.031,0.996,0.995,3.52,12.2,1.12,-9.22,336738.0,225224.0,2965651.0,5.21,1368237.0,2.4,1597414.0,2.8,-712436.0,-1.25,-2253214.0,-3.95,49.0,1.027,1.028,460791696.0,473693863,473693863,2024-07-26,2024-07-26 16:11:50+08:00
11,512560,军工ETF易方达,0.542,0.5427,0.13,0.017,3.24,412459.0,22193996.0,0.532,0.544,0.522,0.525,4.19,3.81,1.28,-45.18,255594.0,156865.0,2433074.0,10.96,3431970.0,15.46,-998896.0,-4.5,-1553623.0,-7.0,-879452.0,-3.96,-50.0,0.542,0.543,1083127008.0,587054838,587054838,2024-07-26,2024-07-26 16:11:54+08:00
12,512680,军工ETF龙头,0.918,0.9191,0.12,0.028,3.15,476379.0,43432796.0,0.89,0.921,0.89,0.89,3.48,1.29,1.18,-14.04,282245.0,194134.0,4717087.0,10.86,1275954.0,2.94,3441133.0,7.92,-2271150.0,-5.23,-2445937.0,-5.63,31.0,0.917,0.918,3684130096.0,3382031428,3382031428,2024-07-26,2024-07-26 16:11:45+08:00
13,159502,标普生物科技ETF,1.114,1.079,-3.24,0.033,3.05,1124883.0,124666309.621,1.106,1.115,1.103,1.081,1.11,12.17,0.84,30.01,604304.0,520579.0,-4854947.0,-3.89,-5791458.0,-4.65,936511.0,0.75,4993800.0,4.01,-138853.0,-0.11,31783.0,1.113,1.114,924323024.0,1029695849,1029695849,2024-07-26,2024-07-26 15:34:54+08:00
14,512970,大湾区ETF,1.017,1.0039,-1.3,0.03,3.04,47.0,4703.0,0.997,1.019,0.997,0.987,2.23,0.01,0.16,-76.87,6.0,41.0,-3098.0,-65.87,0.0,0.0,-3098.0,-65.87,0.0,0.0,3098.0,65.87,1.0,0.982,1.016,60987600.0,62024389,62024389,2024-07-26,2024-07-26 16:11:48+08:00
15,159936,可选消费ETF,1.585,1.5852,0.01,0.046,2.99,52709.0,8328633.0,1.538,1.588,1.538,1.539,3.25,4.54,5.27,5.9,31816.0,20893.0,1185286.0,14.23,2591152.0,31.11,-1405866.0,-16.88,-1239838.0,-14.89,54551.0,0.65,-10.0,1.585,1.586,116156094.0,184107409,184107409,2024-07-26,2024-07-26 15:34:09+08:00
16,562580,可选消费ETF,0.945,0.9474,0.25,0.026,2.83,7446.0,703487.0,0.924,0.974,0.924,0.919,5.44,2.74,1.78,-84.07,5636.0,1810.0,285470.0,40.58,-33863.0,-4.81,319333.0,45.39,-307115.0,-43.66,21645.0,3.08,6.0,0.898,0.97,27223300.0,25726019,25726019,2024-07-26,2024-07-26 16:11:54+08:00
17,516150,稀土ETF基金,0.822,0.8212,-0.1,0.022,2.75,364626.0,29799262.0,0.799,0.822,0.799,0.8,2.88,2.06,1.42,29.17,191138.0,173488.0,1440446.0,4.83,1039387.0,3.49,401059.0,1.35,-522756.0,-1.75,-917690.0,-3.08,5.0,0.821,0.822,1770577008.0,1455414301,1455414301,2024-07-26,2024-07-26 16:11:41+08:00
18,516780,稀土ETF,0.785,0.7844,-0.08,0.021,2.75,165124.0,12890999.0,0.765,0.785,0.765,0.764,2.62,2.1,1.18,-10.7,105079.0,60045.0,1453649.0,11.28,403460.0,3.13,1050189.0,8.15,-753082.0,-5.84,-700569.0,-5.43,6.0,0.784,0.785,787049808.0,617834099,617834099,2024-07-26,2024-07-26 16:11:35+08:00
19,159667,工业母机ETF,0.76,0.7597,-0.04,0.02,2.7,540493.0,40794255.883,0.748,0.763,0.742,0.74,2.84,9.02,1.02,31.65,335642.0,204851.0,1765061.0,4.33,1724543.0,4.23,40518.0,0.1,-556731.0,-1.36,-1208329.0,-2.96,-4454.0,0.76,0.761,599016912.0,455252853,455252853,2024-07-26,2024-07-26 15:34:27+08:00
20,159713,稀土ETF,0.58,0.579,-0.17,0.015,2.65,221299.0,12738475.5,0.563,0.58,0.563,0.565,3.01,6.19,1.16,-26.22,106479.0,114820.0,1185064.0,9.3,413041.0,3.24,772023.0,6.06,-477924.0,-3.75,-707139.0,-5.55,200.0,0.579,0.58,357255056.0,207207932,207207932,2024-07-26,2024-07-26 15:34:45+08:00
21,560170,央企科技ETF,0.75,0.7495,-0.07,0.019,2.6,622880.0,46249000.0,0.731,0.751,0.73,0.731,2.87,2.47,0.78,-33.07,387466.0,235414.0,7230476.0,15.63,8170177.0,17.67,-939701.0,-2.03,-4662762.0,-10.08,-2567713.0,-5.55,-66.0,0.75,0.751,2518995504.0,1889246628,1889246628,2024-07-26,2024-07-26 16:11:43+08:00
22,159767,电池龙头ETF,0.436,0.4359,-0.02,0.011,2.59,34190.0,1491192.4,0.426,0.441,0.426,0.425,3.53,1.26,1.47,18.04,20452.0,13738.0,363093.0,24.35,317598.0,21.3,45495.0,3.05,-326503.0,-21.9,-36591.0,-2.45,657.0,0.435,0.436,271873680.0,118536924,118536924,2024-07-26,2024-07-26 15:34:33+08:00
23,516390,新能源汽车ETF,0.524,0.5233,-0.13,0.013,2.54,126444.0,6624530.0,0.516,0.529,0.515,0.511,2.74,1.93,1.5,4.63,69222.0,57222.0,183859.0,2.78,-387140.0,-5.84,570999.0,8.62,-21982.0,-0.33,-161877.0,-2.44,100.0,0.523,0.524,653761008.0,342570768,342570768,2024-07-26,2024-07-26 16:11:34+08:00
24,159715,稀土ETF易方达,0.525,0.5256,0.11,0.013,2.54,144262.0,7555940.3,0.513,0.526,0.513,0.512,2.54,4.36,1.14,-30.71,68952.0,75310.0,254117.0,3.36,0.0,0.0,254117.0,3.36,-81144.0,-1.07,-172973.0,-2.29,-155.0,0.525,0.526,331030272.0,173790893,173790893,2024-07-26,2024-07-26 15:34:57+08:00
25,561330,矿业ETF,0.892,0.8914,-0.07,0.022,2.53,51635.0,4612638.0,0.866,0.898,0.866,0.87,3.68,8.95,0.94,25.82,27911.0,23724.0,-70206.0,-1.52,0.0,0.0,-70206.0,-1.52,137088.0,2.97,-66883.0,-1.45,-5.0,0.892,0.893,57696100.0,51464921,51464921,2024-07-26,2024-07-26 16:11:37+08:00
26,562700,汽车零部件ETF,0.854,0.8514,-0.31,0.021,2.52,16222.0,1378938.0,0.841,0.856,0.823,0.833,3.96,3.02,3.29,-5.76,12323.0,3899.0,174910.0,12.68,0.0,0.0,174910.0,12.68,-84980.0,-6.16,-89931.0,-6.52,30.0,0.852,0.854,53750000.0,45902500,45902500,2024-07-26,2024-07-26 16:11:34+08:00
27,159690,矿业ETF,0.919,0.9195,0.05,0.022,2.45,17054.0,1566156.0,0.905,0.923,0.905,0.897,2.01,14.02,2.56,7.09,7964.0,9090.0,155638.0,9.94,827118.0,52.81,-671480.0,-42.87,-139414.0,-8.9,-16224.0,-1.04,1630.0,0.919,0.92,12163978.0,11178696,11178696,2024-07-26,2024-07-26 15:34:39+08:00
28,513400,道琼斯ETF,1.049,1.0224,-2.6,0.025,2.44,4219564.0,439747510.0,1.027,1.057,1.027,1.024,2.93,41.12,1.49,-9.78,2467250.0,1752314.0,-5870913.0,-1.34,7368330.0,1.68,-13239243.0,-3.01,2831978.0,0.64,3038936.0,0.69,-634.0,1.049,1.05,1026062000.0,1076339038,1076339038,2024-07-26,2024-07-26 16:11:51+08:00
29,515030,新能源车ETF,0.971,0.9698,-0.12,0.023,2.43,909809.0,88438172.0,0.953,0.982,0.952,0.948,3.16,1.82,1.17,-21.91,435315.0,474494.0,3642057.0,4.12,6414135.0,7.25,-2772078.0,-3.13,440278.0,0.5,-4082335.0,-4.62,50.0,0.97,0.971,4998384128.0,4853430988,4853430988,2024-07-26,2024-07-26 16:11:58+08:00
30,159840,锂电池ETF,0.424,0.4246,0.14,0.01,2.42,1020513.0,43354306.3,0.417,0.43,0.417,0.414,3.14,4.93,1.12,-35.56,570907.0,449606.0,1206746.0,2.78,-430675.0,-0.99,1637421.0,3.78,-247826.0,-0.57,-958921.0,-2.21,-1943.0,0.424,0.425,2069574848.0,877499736,877499736,2024-07-26,2024-07-26 15:34:48+08:00
31,159663,机床ETF,0.764,0.7646,0.08,0.018,2.41,126254.0,9579171.2,0.743,0.767,0.743,0.746,3.22,11.85,0.91,4.74,87417.0,38837.0,-196705.0,-2.05,766000.0,8.0,-962705.0,-10.05,73814.0,0.77,122892.0,1.28,1.0,0.763,0.764,106517585.0,81379435,81379435,2024-07-26,2024-07-26 15:34:06+08:00
32,159512,汽车ETF,1.146,1.1458,-0.02,0.027,2.41,112639.0,12849459.9,1.128,1.149,1.126,1.119,2.06,21.97,0.79,-3.05,63464.0,49175.0,-48366.0,-0.38,-446367.0,-3.47,398001.0,3.1,178112.0,1.39,-129745.0,-1.01,2448.0,1.145,1.146,51264855.0,58749524,58749524,2024-07-26,2024-07-26 15:34:54+08:00
33,562380,央企科技引领ETF,0.765,0.7651,0.01,0.018,2.41,127840.0,9706330.0,0.751,0.765,0.746,0.747,2.54,5.46,1.93,2.85,59675.0,68165.0,543142.0,5.6,786333.0,8.1,-243191.0,-2.51,-446079.0,-4.6,-97063.0,-1.0,200.0,0.764,0.765,234128900.0,179108609,179108609,2024-07-26,2024-07-26 16:11:43+08:00
34,512400,有色金属ETF,0.935,0.9344,-0.06,0.022,2.41,1927606.0,179865953.0,0.913,0.941,0.913,0.913,3.07,4.5,1.21,-22.26,1129436.0,798170.0,17537457.0,9.75,20629571.0,11.47,-3092114.0,-1.72,-10440283.0,-5.8,-7097174.0,-3.95,5.0,0.934,0.935,4287039008.0,4008381472,4008381472,2024-07-26,2024-07-26 16:11:48+08:00
35,563050,央企科技50ETF,0.767,0.7681,0.14,0.018,2.4,121334.0,9225853.0,0.749,0.769,0.749,0.749,2.67,3.07,1.4,-14.28,69324.0,52010.0,375403.0,4.07,-44531.0,-0.48,419934.0,4.55,-51955.0,-0.56,-323449.0,-3.51,-20.0,0.767,0.768,395208400.0,303124843,303124843,2024-07-26,2024-07-26 16:12:01+08:00
36,517880,品牌消费ETF,0.767,0.7616,-0.71,0.018,2.4,6582.0,505048.0,0.749,0.769,0.749,0.749,2.67,1.39,0.1,-20.16,3209.0,3373.0,28417.0,5.63,0.0,0.0,28417.0,5.63,-15300.0,-3.03,-13117.0,-2.6,-2990.0,0.767,0.768,47337100.0,36307556,36307556,2024-07-26,2024-07-26 16:11:52+08:00
37,513350,标普油气ETF,1.069,1.0503,-1.78,0.025,2.39,179909.0,19162524.0,1.061,1.069,1.061,1.044,0.77,12.18,0.95,17.97,113744.0,66165.0,-754290.0,-3.94,-705505.0,-3.68,-48785.0,-0.25,888851.0,4.64,-134561.0,-0.7,168.0,1.068,1.069,147746000.0,157940474,157940474,2024-07-26,2024-07-26 16:12:01+08:00
38,159509,纳指科技ETF,1.5,1.3379,-12.12,0.035,2.39,18703093.0,2785551994.0,1.446,1.523,1.442,1.465,5.53,30.4,2.35,4.42,10604817.0,8098276.0,35856016.0,1.29,60064432.0,2.16,-24208416.0,-0.87,-20826432.0,-0.75,-15029592.0,-0.54,-88883.0,1.5,1.501,6152564224.0,9228846336,9228846336,2024-07-26,2024-07-26 15:35:00+08:00
39,159757,电池30ETF,0.437,0.438,0.23,0.01,2.34,216292.0,9469770.9,0.428,0.443,0.422,0.427,4.92,3.2,1.09,-79.89,106858.0,109434.0,34899.0,0.37,26890.0,0.28,8009.0,0.08,-194476.0,-2.05,159576.0,1.69,-3.0,0.436,0.438,675931888.0,295382235,295382235,2024-07-26,2024-07-26 15:35:03+08:00
40,516650,有色金属ETF基金,0.921,0.9212,0.02,0.021,2.33,49456.0,4550782.0,0.905,0.927,0.903,0.9,2.67,4.48,0.94,-11.68,37290.0,12166.0,1110332.0,24.4,-460000.0,-10.11,1570332.0,34.51,-442207.0,-9.72,-668124.0,-14.68,-5.0,0.921,0.922,110464800.0,101738081,101738081,2024-07-26,2024-07-26 16:11:44+08:00
41,159671,稀有金属ETF基金,0.572,0.5725,0.09,0.013,2.33,303765.0,17368428.742,0.559,0.577,0.558,0.559,3.4,3.22,0.92,13.04,150043.0,153722.0,923329.0,5.32,745936.0,4.29,177393.0,1.02,-730652.0,-4.21,-192679.0,-1.11,33.0,0.571,0.572,944051744.0,539997598,539997598,2024-07-26,2024-07-26 15:34:21+08:00
42,159583,通信设备ETF,0.973,0.9723,-0.07,0.022,2.31,44344.0,4269579.872,0.95,0.976,0.95,0.951,2.73,6.49,0.63,-21.95,28009.0,16335.0,1299355.0,30.43,1104753.0,25.87,194602.0,4.56,-804110.0,-18.83,-495244.0,-11.6,109.0,0.97,0.973,68296451.0,66452447,66452447,2024-07-26,2024-07-26 15:34:33+08:00
43,561370,2000ETF,0.761,0.7604,-0.08,0.017,2.28,21131.0,1595341.0,0.749,0.761,0.749,0.744,1.61,6.96,0.59,-81.54,14306.0,6825.0,248599.0,15.58,870168.0,54.54,-621569.0,-38.96,-173918.0,-10.9,-74683.0,-4.68,301.0,0.759,0.761,30356000.0,23100916,23100916,2024-07-26,2024-07-26 16:12:01+08:00
44,560860,工业有色ETF,0.718,0.7191,0.15,0.016,2.28,449910.0,32249514.0,0.703,0.724,0.703,0.702,2.99,10.22,0.81,-3.2,205353.0,244557.0,5330346.0,16.53,9101440.0,28.22,-3771094.0,-11.69,-3319077.0,-10.29,-2011270.0,-6.24,-305.0,0.717,0.719,440233008.0,316087300,316087300,2024-07-26,2024-07-26 16:11:32+08:00
45,159526,机器人指数ETF,0.858,0.8588,0.09,0.019,2.26,30511.0,2599317.932,0.831,0.861,0.831,0.839,3.58,10.36,1.05,-28.34,19398.0,11113.0,-159063.0,-6.12,0.0,0.0,-159063.0,-6.12,204574.0,7.87,-45512.0,-1.75,2.0,0.857,0.858,29462964.0,25279223,25279223,2024-07-26,2024-07-26 15:34:09+08:00
46,159824,新能车ETF,0.639,0.6398,0.13,0.014,2.24,211658.0,13551444.8,0.631,0.648,0.631,0.625,2.72,6.59,1.46,-83.36,101099.0,110559.0,1865457.0,13.77,1306177.0,9.64,559280.0,4.13,-994982.0,-7.34,-870474.0,-6.42,1195.0,0.637,0.639,321135072.0,205205311,205205311,2024-07-26,2024-07-26 15:34:33+08:00
47,159608,稀有金属ETF,0.464,0.4644,0.09,0.01,2.2,287595.0,13347027.7,0.455,0.467,0.455,0.454,2.64,6.1,1.14,28.94,176770.0,110825.0,1259343.0,9.44,1349300.0,10.11,-89957.0,-0.67,-1156370.0,-8.66,-102974.0,-0.77,749.0,0.463,0.464,471210064.0,218641470,218641470,2024-07-26,2024-07-26 15:34:27+08:00
48,560220,中证2000ETF广发,0.79,0.7891,-0.11,0.017,2.2,7827.0,614647.0,0.785,0.79,0.782,0.773,1.03,1.71,0.86,25.8,977.0,6850.0,157524.0,25.63,0.0,0.0,157524.0,25.63,-133310.0,-21.69,-24214.0,-3.94,1.0,0.785,0.79,45717000.0,36116430,36116430,2024-07-26,2024-07-26 16:11:33+08:00
49,562910,高端制造ETF,0.559,0.5584,-0.11,0.012,2.19,72802.0,4043281.0,0.547,0.559,0.547,0.547,2.19,4.6,1.59,21.46,52605.0,20197.0,-126255.0,-3.12,-208961.0,-5.17,82706.0,2.05,196483.0,4.86,-70227.0,-1.74,89.0,0.558,0.559,158227300.0,88449061,88449061,2024-07-26,2024-07-26 16:11:52+08:00
50,513290,纳指生物科技ETF,1.311,1.2669,-3.48,0.028,2.18,1279711.0,167008337.0,1.304,1.312,1.299,1.283,1.01,13.63,0.81,51.58,656013.0,623698.0,792345.0,0.47,2961770.0,1.77,-2169425.0,-1.3,-1462789.0,-0.88,670444.0,0.4,-468.0,1.311,1.312,938572096.0,1230468018,1230468018,2024-07-26,2024-07-26 16:11:34+08:00
51,159876,有色龙头ETF,0.987,0.9877,0.07,0.021,2.17,59842.0,5888378.2,0.966,0.993,0.964,0.966,3.0,8.56,1.82,-93.16,11808.0,48034.0,1687290.0,28.65,-180132.0,-3.06,1867422.0,31.71,-839262.0,-14.25,-848029.0,-14.4,39.0,0.985,0.987,69888509.0,68979958,68979958,2024-07-26,2024-07-26 15:34:45+08:00
52,159880,有色ETF基金,0.945,0.9455,0.05,0.02,2.16,55403.0,5238397.1,0.925,0.955,0.925,0.925,3.24,8.02,0.9,21.1,30627.0,24776.0,418563.0,7.99,604821.0,11.55,-186258.0,-3.56,-73840.0,-1.41,-344723.0,-6.58,96.0,0.945,0.946,69051518.0,65253685,65253685,2024-07-26,2024-07-26 15:34:12+08:00
53,515700,新能车ETF,1.28,1.2808,0.06,0.027,2.15,553158.0,70887148.0,1.253,1.297,1.253,1.253,3.51,2.42,1.41,-54.0,256681.0,296477.0,13107524.0,18.49,2584782.0,3.65,10522742.0,14.84,2956322.0,4.17,-16063845.0,-22.66,2.0,1.279,1.28,2289510208.0,2930573066,2930573066,2024-07-26,2024-07-26 16:11:59+08:00
54,159551,机器人产业ETF,0.762,0.76,-0.26,0.016,2.14,45009.0,3409878.3,0.753,0.764,0.749,0.746,2.01,4.46,0.93,5.38,25363.0,19646.0,45139.0,1.32,0.0,0.0,45139.0,1.32,64607.0,1.89,-109746.0,-3.22,-235.0,0.762,0.763,100920923.0,76901743,76901743,2024-07-26,2024-07-26 15:34:39+08:00
55,159670,消费ETF基金,0.859,0.8616,0.3,0.018,2.14,45459.0,3894551.8,0.849,0.867,0.846,0.841,2.5,11.45,0.61,43.46,21006.0,24453.0,-38247.0,-0.98,0.0,0.0,-38247.0,-0.98,-1032.0,-0.03,39279.0,1.01,1167.0,0.859,0.861,39706921.0,34108245,34108245,2024-07-26,2024-07-26 15:34:18+08:00
56,159871,有色金属ETF,0.959,0.9604,0.15,0.02,2.13,70158.0,6730416.2,0.97,0.97,0.939,0.939,3.3,8.9,0.75,-53.9,40347.0,29811.0,278812.0,4.14,300218.0,4.46,-21406.0,-0.32,-329178.0,-4.89,50365.0,0.75,102.0,0.958,0.959,78866253.0,75632737,75632737,2024-07-26,2024-07-26 15:34:06+08:00
57,159881,有色60ETF,0.915,0.9169,0.21,0.019,2.12,255596.0,23375065.2,0.892,0.923,0.892,0.896,3.46,13.36,1.11,-4.45,118496.0,137100.0,-911031.0,-3.9,-2688179.0,-11.5,1777148.0,7.6,1078091.0,4.61,-167060.0,-0.71,-23.0,0.915,0.916,191249583.0,174993368,174993368,2024-07-26,2024-07-26 15:34:09+08:00
58,159755,电池ETF,0.531,0.532,0.19,0.011,2.12,1089161.0,57984372.4,0.521,0.539,0.521,0.52,3.46,2.16,0.97,28.78,584190.0,504971.0,4154827.0,7.17,2518448.0,4.34,1636379.0,2.82,-2593145.0,-4.47,-1561681.0,-2.69,3966.0,0.53,0.531,5043646720.0,2678176408,2678176408,2024-07-26,2024-07-26 15:34:21+08:00
59,562500,机器人ETF,0.581,0.5807,-0.05,0.012,2.11,751637.0,43436531.0,0.571,0.583,0.57,0.569,2.28,4.91,0.94,-31.55,466554.0,285083.0,3822254.0,8.8,6778541.0,15.61,-2956287.0,-6.81,-2710001.0,-6.24,-1112253.0,-2.56,30.0,0.58,0.581,1529687296.0,888748319,888748319,2024-07-26,2024-07-26 16:11:39+08:00
60,515650,消费50ETF,1.027,1.0281,0.11,0.021,2.09,207316.0,21227008.0,1.016,1.029,1.016,1.006,1.29,1.53,0.75,-9.83,129944.0,77372.0,1074694.0,5.06,-380605.0,-1.79,1455299.0,6.86,-571933.0,-2.69,-502761.0,-2.37,-10.0,1.027,1.028,1359184000.0,1395881968,1395881968,2024-07-26,2024-07-26 16:12:01+08:00
61,562360,机器人ETF基金,0.638,0.6376,-0.06,0.013,2.08,21158.0,1337924.0,0.621,0.64,0.621,0.625,3.04,2.45,1.05,45.26,13424.0,7734.0,-81040.0,-6.06,-169612.0,-12.68,88572.0,6.62,98145.0,7.34,-17104.0,-1.28,2.0,0.637,0.638,86474000.0,55170412,55170412,2024-07-26,2024-07-26 16:11:44+08:00
62,560000,智慧电车ETF,0.543,0.5427,-0.06,0.011,2.07,462.0,25108.0,0.537,0.545,0.537,0.532,1.5,0.27,0.15,-39.62,74.0,388.0,22405.0,89.23,488.0,1.94,21917.0,87.29,-13788.0,-54.91,-8617.0,-34.32,10.0,0.532,0.543,17022900.0,9243435,9243435,2024-07-26,2024-07-26 16:11:34+08:00
63,159913,深价值ETF,1.881,1.8937,0.67,0.038,2.06,135.0,25523.8,1.891,1.892,1.881,1.843,0.6,0.05,1.3,-20.22,67.0,68.0,0.0,0.0,0.0,0.0,0.0,0.0,-5290.0,-20.73,5290.0,20.73,-1.0,1.89,1.895,28329693.0,53288153,53288153,2024-07-26,2024-07-26 15:34:42+08:00
64,159770,机器人ETF,0.596,0.5959,-0.02,0.012,2.05,176166.0,10448202.9,0.585,0.598,0.585,0.584,2.23,2.63,1.02,-33.66,102783.0,73383.0,1377588.0,13.18,2263366.0,21.66,-885778.0,-8.48,-1268405.0,-12.14,-109183.0,-1.04,437.0,0.595,0.596,669087760.0,398776305,398776305,2024-07-26,2024-07-26 15:34:27+08:00
65,159680,1000ETF增强,0.848,0.8461,-0.22,0.017,2.05,145745.0,12299998.5,0.835,0.848,0.835,0.831,1.56,6.3,0.78,42.75,75816.0,69929.0,482331.0,3.92,0.0,0.0,482331.0,3.92,-363700.0,-2.96,-118632.0,-0.96,2477.0,0.846,0.848,231438087.0,196259498,196259498,2024-07-26,2024-07-26 15:34:33+08:00
66,159775,新能源车电池ETF,0.449,0.4501,0.24,0.009,2.05,42631.0,1915944.1,0.444,0.456,0.444,0.44,2.73,3.03,1.64,-86.98,21301.0,21330.0,-23319.0,-1.22,260010.0,13.57,-283329.0,-14.79,50154.0,2.62,-26835.0,-1.4,-10.0,0.447,0.45,140648961.0,63151383,63151383,2024-07-26,2024-07-26 15:34:36+08:00
67,159531,中证2000ETF,0.749,0.7492,0.03,0.015,2.04,756077.0,56353857.5,0.734,0.749,0.734,0.734,2.04,12.67,0.82,-12.43,462918.0,293159.0,3997019.0,7.09,4655657.0,8.26,-658638.0,-1.17,-1890801.0,-3.36,-2106219.0,-3.74,17409.0,0.748,0.749,596608400.0,446859692,446859692,2024-07-26,2024-07-26 15:34:09+08:00
68,516660,新能源车ETF基金,0.6,0.6014,0.23,0.012,2.04,52929.0,3184055.0,0.596,0.608,0.593,0.588,2.55,1.21,1.17,-33.02,30474.0,22455.0,155982.0,4.9,247046.0,7.76,-91064.0,-2.86,-40600.0,-1.28,-115383.0,-3.62,-3.0,0.6,0.603,438689008.0,263213405,263213405,2024-07-26,2024-07-26 16:11:53+08:00
69,516770,游戏动漫ETF,0.752,0.7525,0.07,0.015,2.04,216453.0,16238366.0,0.74,0.757,0.737,0.737,2.71,10.26,1.38,-14.39,120189.0,96264.0,945690.0,5.82,-978704.0,-6.03,1924394.0,11.85,405517.0,2.5,-1351209.0,-8.32,26.0,0.751,0.752,211048000.0,158708096,158708096,2024-07-26,2024-07-26 16:11:41+08:00
70,159536,中证2000ETF添富,0.759,0.7586,-0.05,0.015,2.02,88330.0,6679313.608,0.751,0.759,0.748,0.744,1.48,10.36,0.86,-6.58,47736.0,40594.0,-44616.0,-0.67,-147862.0,-2.21,103246.0,1.55,40638.0,0.61,3977.0,0.06,88.0,0.757,0.759,85261589.0,64713546,64713546,2024-07-26,2024-07-26 15:34:21+08:00
71,159895,物联网50ETF,0.71,0.7103,0.04,0.014,2.01,4409.0,310090.7,0.706,0.711,0.7,0.696,1.58,1.18,0.8,-6.66,3205.0,1204.0,-5316.0,-1.71,0.0,0.0,-5316.0,-1.71,0.0,0.0,5316.0,1.71,20.0,0.709,0.711,37241864.0,26441723,26441723,2024-07-26,2024-07-26 15:34:21+08:00
72,159652,有色50ETF,0.814,0.816,0.25,0.016,2.01,208662.0,16979340.9,0.795,0.821,0.795,0.798,3.26,4.76,0.73,-62.69,123925.0,84737.0,2372418.0,13.97,2561539.0,15.09,-189121.0,-1.11,-1022104.0,-6.02,-1350314.0,-7.95,571.0,0.813,0.814,438320288.0,356792714,356792714,2024-07-26,2024-07-26 15:34:21+08:00
73,159896,物联网龙头ETF,0.663,0.6629,-0.02,0.013,2.0,22626.0,1488898.8,0.657,0.665,0.653,0.65,1.85,2.86,0.57,-9.81,12325.0,10301.0,108015.0,7.25,-65241.0,-4.38,173256.0,11.64,-105966.0,-7.12,-2049.0,-0.14,3.0,0.662,0.663,79055960.0,52414101,52414101,2024-07-26,2024-07-26 15:34:27+08:00
74,562800,稀有金属ETF,0.415,0.415,0.0,0.008,1.97,675715.0,28018590.0,0.409,0.419,0.406,0.407,3.19,3.36,1.25,-15.35,429470.0,246245.0,3032470.0,10.82,2689600.0,9.6,342870.0,1.22,-2237821.0,-7.99,-794649.0,-2.84,2.0,0.414,0.415,2012395008.0,835143928,835143928,2024-07-26,2024-07-26 16:11:46+08:00
75,159786,VRETF,0.677,0.6757,-0.19,0.013,1.96,123916.0,8345325.569,0.662,0.678,0.662,0.664,2.41,6.4,1.59,87.24,34102.0,89814.0,998698.0,11.97,-1139190.0,-13.65,2137888.0,25.62,-712586.0,-8.54,-286113.0,-3.43,-205.0,0.677,0.678,193701174.0,131135695,131135695,2024-07-26,2024-07-26 15:34:39+08:00
76,159841,证券ETF,0.731,0.7311,0.01,0.014,1.95,1497443.0,109167945.0,0.719,0.736,0.717,0.717,2.65,2.56,0.9,-38.65,889528.0,607915.0,15492080.0,14.19,15226257.0,13.95,265823.0,0.24,-11125610.0,-10.19,-4366470.0,-4.0,10794.0,0.73,0.731,5840238592.0,4269214411,4269214411,2024-07-26,2024-07-26 15:34:15+08:00
77,159907,2000ETF,0.575,0.575,0.0,0.011,1.95,241697.0,13829437.2,0.566,0.575,0.566,0.564,1.6,10.36,0.99,-2.61,121308.0,120389.0,970339.0,7.02,-881522.0,-6.37,1851861.0,13.39,-29513.0,-0.21,-940827.0,-6.8,201.0,0.574,0.575,233197694.0,134088674,134088674,2024-07-26,2024-07-26 15:34:51+08:00
78,159806,新能源车ETF,0.419,0.4197,0.17,0.008,1.95,255419.0,10744691.8,0.411,0.425,0.411,0.411,3.41,0.99,0.95,-75.33,139632.0,115787.0,1327097.0,12.35,1792649.0,16.68,-465552.0,-4.33,-1112113.0,-10.35,-214985.0,-2.0,-463.0,0.419,0.42,2567089440.0,1075610475,1075610475,2024-07-26,2024-07-26 15:34:27+08:00
79,515560,证券ETF建信,0.734,0.7337,-0.04,0.014,1.94,143972.0,10528843.0,0.724,0.737,0.724,0.72,1.81,2.81,1.07,-33.38,68644.0,75328.0,5993.0,0.06,749828.0,7.12,-743835.0,-7.06,203069.0,1.93,-209063.0,-1.99,100.0,0.732,0.734,512883296.0,376456339,376456339,2024-07-26,2024-07-26 16:11:49+08:00
80,515920,智能消费ETF,0.683,0.6827,-0.04,0.013,1.94,30341.0,2057547.0,0.673,0.683,0.673,0.67,1.49,1.19,1.43,52.78,18974.0,11367.0,98027.0,4.76,0.0,0.0,98027.0,4.76,-73768.0,-3.59,-24258.0,-1.18,10.0,0.682,0.683,254905700.0,174100593,174100593,2024-07-26,2024-07-26 16:11:57+08:00
81,560590,1000ETF增强,0.842,0.8451,0.37,0.016,1.94,14312.0,1202808.0,0.837,0.842,0.837,0.826,0.61,6.3,1.41,33.33,2119.0,12193.0,8748.0,0.73,83900.0,6.98,-75152.0,-6.25,-16740.0,-1.39,7991.0,0.66,2.0,0.842,0.843,22710000.0,19121820,19121820,2024-07-26,2024-07-26 16:11:56+08:00
82,562260,汽车配件ETF,0.843,0.8438,0.09,0.016,1.93,40758.0,3429318.0,0.833,0.848,0.833,0.827,1.81,4.02,2.22,-43.94,17770.0,22988.0,212428.0,6.19,756000.0,22.05,-543572.0,-15.85,-127876.0,-3.73,-84552.0,-2.47,120.0,0.842,0.843,101331500.0,85422455,85422455,2024-07-26,2024-07-26 16:11:55+08:00
83,159535,中证2000ETF指数,0.791,0.7925,0.19,0.015,1.93,20248.0,1593488.0,0.784,0.791,0.782,0.776,1.16,6.99,0.36,-49.98,16933.0,3315.0,259855.0,16.31,265648.0,16.67,-5793.0,-0.36,-229340.0,-14.39,-30514.0,-1.91,72.0,0.79,0.791,28981088.0,22924041,22924041,2024-07-26,2024-07-26 15:34:18+08:00
84,159708,红利ETF,0.686,0.6872,0.17,0.013,1.93,317137.0,21676960.8,0.674,0.688,0.674,0.673,2.08,10.7,1.3,-10.74,193895.0,123242.0,2493286.0,11.5,2220731.0,10.24,272555.0,1.26,-282861.0,-1.3,-2210425.0,-10.2,-52.0,0.686,0.687,296528304.0,203418417,203418417,2024-07-26,2024-07-26 15:34:39+08:00
85,159637,新能源车龙头ETF,0.476,0.4765,0.1,0.009,1.93,103121.0,4926450.9,0.467,0.482,0.467,0.467,3.21,0.57,0.83,35.44,42681.0,60440.0,243902.0,4.95,1084916.0,22.02,-841014.0,-17.07,66963.0,1.36,-310865.0,-6.31,-250.0,0.476,0.477,1795768096.0,854785614,854785614,2024-07-26,2024-07-26 15:35:03+08:00
86,159532,中证2000指数ETF,0.796,0.7976,0.2,0.015,1.92,53941.0,4281197.55,0.78,0.796,0.78,0.781,2.05,7.98,1.01,-26.0,22038.0,31903.0,480518.0,11.22,261710.0,6.11,218808.0,5.11,-395528.0,-9.24,-84990.0,-1.99,472.0,0.796,0.797,67564791.0,53781574,53781574,2024-07-26,2024-07-26 15:34:18+08:00
87,516360,新材料ETF,0.589,0.5881,-0.15,0.011,1.9,59106.0,3470370.0,0.582,0.59,0.582,0.578,1.38,4.15,1.26,-2.11,37665.0,21441.0,14640.0,0.42,588000.0,16.94,-573360.0,-16.52,-27783.0,-0.8,13144.0,0.38,1473.0,0.588,0.589,142551800.0,83963010,83963010,2024-07-26,2024-07-26 16:11:32+08:00
88,516260,物联网50ETF,0.7,0.6995,-0.07,0.013,1.89,540.0,37687.0,0.693,0.7,0.69,0.687,1.46,0.04,0.04,-0.39,402.0,138.0,16146.0,42.84,0.0,0.0,16146.0,42.84,0.0,0.0,-16146.0,-42.84,3.0,0.698,0.7,139882600.0,97917820,97917820,2024-07-26,2024-07-26 16:11:44+08:00
89,516320,高端装备ETF,0.647,0.647,0.0,0.012,1.89,34359.0,2214455.0,0.638,0.648,0.638,0.635,1.57,3.35,1.25,-11.54,15975.0,18384.0,-40782.0,-1.84,0.0,0.0,-40782.0,-1.84,40782.0,1.84,0.0,0.0,4.0,0.646,0.647,102589300.0,66375277,66375277,2024-07-26,2024-07-26 16:11:46+08:00
90,159606,中证500成长ETF,0.755,0.7543,-0.09,0.014,1.89,124631.0,9362609.4,0.734,0.756,0.734,0.741,2.97,2.45,1.57,-16.58,62323.0,62308.0,599405.0,6.4,328425.0,3.51,270980.0,2.89,-259457.0,-2.77,-339947.0,-3.63,679.0,0.753,0.755,508222832.0,383708238,383708238,2024-07-26,2024-07-26 15:34:24+08:00
91,159518,标普油气ETF,1.025,1.0037,-2.12,0.019,1.89,230701.0,23609965.5,1.023,1.026,1.018,1.006,0.8,17.7,0.58,2.05,122869.0,107832.0,441801.0,1.87,-1713072.0,-7.26,2154873.0,9.13,369907.0,1.57,-811707.0,-3.44,-2236.0,1.025,1.026,130325369.0,133583503,133583503,2024-07-26,2024-07-26 15:34:06+08:00
92,515010,券商ETF基金,0.918,0.919,0.11,0.017,1.89,169851.0,15579247.0,0.903,0.924,0.903,0.901,2.33,2.15,0.84,-17.04,74927.0,94924.0,633697.0,4.07,549418.0,3.53,84279.0,0.54,-512132.0,-3.29,-121564.0,-0.78,-11.0,0.918,0.919,791771600.0,726846329,726846329,2024-07-26,2024-07-26 16:11:58+08:00
93,512570,证券ETF易方达,0.81,0.8108,0.1,0.015,1.89,76891.0,6205533.0,0.795,0.815,0.795,0.795,2.52,1.57,0.6,-2.31,43163.0,33728.0,520348.0,8.39,-80581.0,-1.3,600929.0,9.68,-536726.0,-8.65,16378.0,0.26,63.0,0.809,0.81,489806096.0,396742938,396742938,2024-07-26,2024-07-26 16:11:45+08:00
94,159516,半导体设备ETF,0.813,0.8123,-0.09,0.015,1.88,893303.0,72078504.1,0.796,0.816,0.795,0.798,2.63,9.91,0.97,-30.03,471555.0,421748.0,-6581603.0,-9.13,617141.0,0.86,-7198744.0,-9.99,6468390.0,8.97,113213.0,0.16,-2607.0,0.813,0.814,901590000.0,732992670,732992670,2024-07-26,2024-07-26 15:34:09+08:00
95,563300,中证2000ETF,0.759,0.7582,-0.11,0.014,1.88,1901306.0,143428366.0,0.744,0.759,0.744,0.745,2.01,14.42,0.96,-13.8,1220027.0,681279.0,-2699973.0,-1.88,-14595565.0,-10.18,11895592.0,8.29,4601385.0,3.21,-1901412.0,-1.33,3030.0,0.757,0.758,1318674000.0,1000873566,1000873566,2024-07-26,2024-07-26 16:11:41+08:00
96,562660,中证2000ETF华夏,0.819,0.8221,0.38,0.015,1.87,46402.0,3784634.0,0.808,0.82,0.808,0.804,1.49,4.11,0.72,-14.35,21582.0,24820.0,158764.0,4.19,-186809.0,-4.94,345573.0,9.13,-158088.0,-4.18,-675.0,-0.02,-3000.0,0.818,0.82,112874000.0,92443806,92443806,2024-07-26,2024-07-26 16:11:32+08:00
97,159916,深F60ETF,4.15,4.1494,-0.01,0.076,1.87,84.0,34894.5,4.114,4.159,4.114,4.074,1.1,0.01,0.19,-58.77,11.0,73.0,0.0,0.0,0.0,0.0,0.0,0.0,-20372.0,-58.38,20371.0,58.38,9.0,4.109,4.152,86066039.0,357174062,357174062,2024-07-26,2024-07-26 15:34:36+08:00
98,515850,券商指数ETF,0.984,0.9833,-0.07,0.018,1.86,59840.0,5874152.0,0.966,0.99,0.966,0.966,2.48,4.41,0.73,7.64,32683.0,27157.0,-502794.0,-8.56,0.0,0.0,-502794.0,-8.56,666785.0,11.35,-163992.0,-2.79,10.0,0.983,0.984,135791000.0,133618344,133618344,2024-07-26,2024-07-26 16:11:57+08:00
99,560950,500ETF增强,0.876,0.8761,0.01,0.016,1.86,5448.0,477096.0,0.866,0.876,0.866,0.86,1.16,0.92,0.48,-9.18,2786.0,2662.0,-17831.0,-3.74,0.0,0.0,-17831.0,-3.74,17460.0,3.66,371.0,0.08,-34.0,0.876,0.877,59483000.0,52107108,52107108,2024-07-26,2024-07-26 16:11:50+08:00
100,516330,物联网ETF,0.828,0.8303,0.28,0.015,1.85,1823.0,150405.0,0.821,0.83,0.818,0.813,1.48,0.35,0.62,0.86,110.0,1713.0,48474.0,32.23,0.0,0.0,48474.0,32.23,-36981.0,-24.59,-11492.0,-7.64,-150.0,0.828,0.831,51671300.0,42783836,42783836,2024-07-26,2024-07-26 16:11:41+08:00
101,516890,新材料ETF平安,0.442,0.4411,-0.2,0.008,1.84,15861.0,699408.0,0.438,0.442,0.438,0.434,0.92,2.47,0.38,4.72,10302.0,5559.0,11495.0,1.64,11495.0,1.64,0.0,0.0,-778.0,-0.11,-10717.0,-1.53,1.0,0.441,0.442,64311400.0,28425639,28425639,2024-07-26,2024-07-26 16:11:41+08:00
102,515880,通信ETF,1.107,1.106,-0.09,0.02,1.84,1914606.0,210366953.0,1.086,1.112,1.083,1.087,2.67,8.19,1.0,0.49,989262.0,925344.0,12289706.0,5.84,19543582.0,9.29,-7253876.0,-3.45,-6397999.0,-3.04,-5891707.0,-2.8,121.0,1.106,1.107,2338462304.0,2588677771,2588677771,2024-07-26,2024-07-26 16:11:54+08:00
103,159522,国证2000ETF景顺,0.778,0.7788,0.1,0.014,1.83,98468.0,7624855.475,0.771,0.778,0.771,0.764,0.92,30.87,1.88,-6.44,76869.0,21599.0,36088.0,0.47,-1814545.0,-23.8,1850633.0,24.27,-41587.0,-0.55,5499.0,0.07,-2.0,0.778,0.78,31896935.0,24815815,24815815,2024-07-26,2024-07-26 15:35:00+08:00
104,159798,消费50ETF,0.834,0.8358,0.22,0.015,1.83,49562.0,4123898.2,0.827,0.836,0.826,0.819,1.22,8.09,0.66,60.05,23602.0,25960.0,-38676.0,-0.94,0.0,0.0,-38676.0,-0.94,56109.0,1.36,-17434.0,-0.42,-1000.0,0.835,0.836,61245390.0,51078655,51078655,2024-07-26,2024-07-26 15:34:21+08:00
105,159905,深红利ETF,1.733,1.7368,0.22,0.031,1.82,184491.0,31889429.0,1.707,1.738,1.707,1.702,1.82,1.45,0.9,-55.28,109197.0,75294.0,1079699.0,3.39,1745989.0,5.48,-666290.0,-2.09,-669245.0,-2.1,-410455.0,-1.29,-215.0,1.733,1.735,1273943952.0,2207744869,2207744869,2024-07-26,2024-07-26 15:34:48+08:00
106,516010,游戏ETF,0.728,0.7306,0.36,0.013,1.82,854280.0,62233704.0,0.714,0.735,0.714,0.715,2.94,2.84,0.85,-77.82,514932.0,339348.0,7428378.0,11.94,8238250.0,13.24,-809872.0,-1.3,-3867250.0,-6.21,-3561127.0,-5.72,-100.0,0.728,0.729,3005693008.0,2188144510,2188144510,2024-07-26,2024-07-26 16:11:33+08:00
107,159559,机器人ETF基金,0.785,0.7826,-0.31,0.014,1.82,23536.0,1844448.1,0.791,0.791,0.767,0.771,3.11,3.92,0.89,50.33,15765.0,7771.0,127215.0,6.9,839054.0,45.49,-711839.0,-38.59,-105651.0,-5.73,-21564.0,-1.17,-1.0,0.785,0.786,60076622.0,47160148,47160148,2024-07-26,2024-07-26 15:34:45+08:00
108,563200,中证2000ETF富国,0.786,0.7877,0.22,0.014,1.81,45836.0,3593467.0,0.772,0.788,0.772,0.772,2.07,11.06,1.1,58.47,25941.0,19895.0,160716.0,4.47,211372.0,5.88,-50656.0,-1.41,-106911.0,-2.98,-53804.0,-1.5,-2000.0,0.785,0.788,41458800.0,32586617,32586617,2024-07-26,2024-07-26 16:11:51+08:00
109,159572,创业板200ETF易方达,0.787,0.7873,0.04,0.014,1.81,6629.0,519141.7,0.773,0.789,0.773,0.773,2.07,0.51,0.33,-5.33,3893.0,2736.0,175168.0,33.74,0.0,0.0,175168.0,33.74,-109383.0,-21.07,-65786.0,-12.67,5.0,0.785,0.791,129749107.0,102112547,102112547,2024-07-26,2024-07-26 15:34:30+08:00
110,588010,科创新材料ETF,0.45,0.4505,0.11,0.008,1.81,122995.0,5528256.0,0.443,0.451,0.443,0.442,1.81,7.67,0.94,-5.86,55243.0,67752.0,544333.0,9.85,371313.0,6.72,173020.0,3.13,-452440.0,-8.18,-91893.0,-1.66,406.0,0.45,0.451,160425800.0,72191610,72191610,2024-07-26,2024-07-26 16:11:53+08:00
111,562520,中证1000成长ETF,0.789,0.7884,-0.08,0.014,1.81,12069.0,949342.0,0.785,0.789,0.782,0.775,0.9,2.39,0.43,-1.46,7336.0,4733.0,169670.0,17.87,0.0,0.0,169670.0,17.87,-200427.0,-21.11,30757.0,3.24,194.0,0.787,0.789,50568000.0,39898152,39898152,2024-07-26,2024-07-26 16:11:32+08:00
112,159869,游戏ETF,0.735,0.7361,0.15,0.013,1.8,3189834.0,233614563.308,0.722,0.742,0.72,0.722,3.05,3.95,1.04,-55.04,1648138.0,1541696.0,22431960.0,9.6,31447942.0,13.46,-9015982.0,-3.86,-13862419.0,-5.93,-8569541.0,-3.67,-31723.0,0.735,0.736,8078082048.0,5937390305,5937390305,2024-07-26,2024-07-26 15:34:33+08:00
113,159306,汽车零件ETF,0.851,0.8524,0.16,0.015,1.79,77396.0,6574718.699,0.833,0.857,0.833,0.836,2.87,9.19,2.74,-2.77,46532.0,30864.0,183176.0,2.79,1698693.0,25.84,-1515517.0,-23.05,-139417.0,-2.12,-43759.0,-0.67,505.0,0.849,0.851,84244616.0,71692168,71692168,2024-07-26,2024-07-26 15:34:45+08:00
114,588160,科创材料ETF,0.454,0.4538,-0.04,0.008,1.79,103887.0,4703826.0,0.448,0.455,0.448,0.446,1.57,7.64,1.08,-26.19,58991.0,44896.0,169296.0,3.6,-689173.0,-14.65,858469.0,18.25,-152981.0,-3.25,-16315.0,-0.35,334.0,0.453,0.454,135996000.0,61742184,61742184,2024-07-26,2024-07-26 16:11:55+08:00
115,512900,证券ETF基金,0.796,0.7961,0.01,0.014,1.79,503948.0,40045811.0,0.782,0.802,0.781,0.782,2.69,0.67,0.87,-13.31,320401.0,183547.0,938028.0,2.34,-1005187.0,-2.51,1943215.0,4.85,-695401.0,-1.74,-242626.0,-0.61,500.0,0.795,0.796,7498405888.0,5968731087,5968731087,2024-07-26,2024-07-26 16:11:59+08:00
116,512880,证券ETF,0.801,0.8011,0.01,0.014,1.78,9352074.0,747042895.0,0.788,0.807,0.785,0.787,2.8,2.63,0.97,-53.92,5410452.0,3941621.0,89362407.0,11.96,111963840.0,14.99,-22601433.0,-3.03,-62606018.0,-8.38,-26756392.0,-3.58,3236.0,0.801,0.802,35611291392.0,28524644405,28524644405,2024-07-26,2024-07-26 16:11:56+08:00
117,512260,中证500低波动ETF,1.325,1.3234,-0.12,0.023,1.77,7397.0,977632.0,1.318,1.325,1.314,1.302,0.84,1.53,1.95,0.44,7155.0,242.0,-11621.0,-1.19,264000.0,27.0,-275621.0,-28.19,0.0,0.0,11621.0,1.19,-1.0,1.324,1.326,48497700.0,64259453,64259453,2024-07-26,2024-07-26 16:11:53+08:00
118,159620,500成长ETF,0.751,0.7543,0.44,0.013,1.76,23697.0,1782163.0,0.746,0.756,0.746,0.738,1.36,6.38,0.98,98.62,13446.0,10251.0,83368.0,4.68,0.0,0.0,83368.0,4.68,-121893.0,-6.84,38525.0,2.16,-23.0,0.743,0.757,37140934.0,27892841,27892841,2024-07-26,2024-07-26 15:34:39+08:00
119,159720,智能电车ETF泰康,0.52,0.5198,-0.04,0.009,1.76,26055.0,1348780.1,0.513,0.523,0.513,0.511,1.96,2.35,1.48,90.9,9388.0,16667.0,-563.0,-0.04,0.0,0.0,-563.0,-0.04,-2181.0,-0.16,2743.0,0.2,7.0,0.518,0.52,110812357.0,57622426,57622426,2024-07-26,2024-07-26 15:34:09+08:00
120,159628,国证2000ETF,0.758,0.7576,-0.05,0.013,1.74,801869.0,60600350.588,0.743,0.759,0.743,0.745,2.15,9.35,0.87,27.59,414704.0,387165.0,2586816.0,4.27,8007285.0,13.21,-5420469.0,-8.94,-1962848.0,-3.24,-623967.0,-1.03,3560.0,0.757,0.758,857283248.0,649820702,649820702,2024-07-26,2024-07-26 15:34:45+08:00
121,159910,基本面120ETF,1.816,1.8167,0.04,0.031,1.74,11751.0,2131118.2,1.805,1.82,1.801,1.785,1.06,0.7,1.05,-3.43,10576.0,1175.0,-824783.0,-38.7,0.0,0.0,-824783.0,-38.7,843568.0,39.58,-18785.0,-0.88,553.0,1.811,1.818,168906143.0,306733556,306733556,2024-07-26,2024-07-26 15:34:27+08:00
122,159872,智能网联汽车ETF,0.703,0.703,0.0,0.012,1.74,30508.0,2134904.8,0.688,0.706,0.688,0.691,2.6,4.22,0.68,19.88,19706.0,10802.0,306235.0,14.34,349500.0,16.37,-43265.0,-2.03,-151800.0,-7.11,-154436.0,-7.23,31.0,0.699,0.703,72299732.0,50826712,50826712,2024-07-26,2024-07-26 15:34:06+08:00
123,562340,中证500成长ETF,0.881,0.8819,0.1,0.015,1.73,6338.0,556999.0,0.872,0.883,0.872,0.866,1.27,0.99,0.76,-3.76,3653.0,2685.0,130687.0,23.46,0.0,0.0,130687.0,23.46,-151951.0,-27.28,21265.0,3.82,-1.0,0.881,0.883,64144300.0,56511128,56511128,2024-07-26,2024-07-26 16:12:00+08:00
124,512000,券商ETF,0.767,0.7685,0.2,0.013,1.72,5559934.0,426209461.0,0.755,0.774,0.754,0.754,2.65,2.17,0.99,-59.39,3180776.0,2379158.0,41325658.0,9.7,32863953.0,7.71,8461705.0,1.99,-26055250.0,-6.11,-15270409.0,-3.58,-5500.0,0.767,0.768,25611317760.0,19643880722,19643880722,2024-07-26,2024-07-26 16:12:00+08:00
125,159763,新材料ETF基金,0.413,0.4132,0.05,0.007,1.72,3380.0,139468.5,0.414,0.414,0.41,0.406,0.99,0.24,1.15,-22.31,481.0,2899.0,62820.0,45.04,0.0,0.0,62820.0,45.04,-44248.0,-31.73,-18572.0,-13.32,21.0,0.407,0.413,140707747.0,58112300,58112300,2024-07-26,2024-07-26 15:34:24+08:00
126,159842,券商ETF,0.769,0.7698,0.1,0.013,1.72,666573.0,51105497.9,0.758,0.774,0.756,0.756,2.38,6.11,0.91,-6.66,337458.0,329115.0,1264311.0,2.47,1661991.0,3.25,-397680.0,-0.78,-346493.0,-0.68,-917818.0,-1.8,3671.0,0.768,0.769,1091250624.0,839171730,839171730,2024-07-26,2024-07-26 15:34:18+08:00
127,516200,证券ETF指数基金,0.774,0.7735,-0.06,0.013,1.71,98613.0,7611143.0,0.763,0.779,0.763,0.761,2.1,2.28,1.02,-18.54,43343.0,55270.0,235446.0,3.09,0.0,0.0,235446.0,3.09,-143085.0,-1.88,-92362.0,-1.21,258.0,0.773,0.774,431604000.0,334061496,334061496,2024-07-26,2024-07-26 16:12:01+08:00
128,159888,智能车ETF,0.834,0.8327,-0.16,0.014,1.71,101410.0,8430410.9,0.822,0.836,0.821,0.82,1.83,8.08,1.01,15.3,60812.0,40598.0,-631080.0,-7.49,-189957.0,-2.25,-441123.0,-5.23,328448.0,3.9,302631.0,3.59,-10.0,0.834,0.835,125446068.0,104622021,104622021,2024-07-26,2024-07-26 15:34:18+08:00
129,159521,2000指数ETF,0.776,0.7761,0.01,0.013,1.7,111510.0,8641438.8,0.767,0.777,0.766,0.763,1.44,17.62,1.18,52.18,46207.0,65303.0,26278.0,0.3,0.0,0.0,26278.0,0.3,-84648.0,-0.98,58370.0,0.68,138.0,0.775,0.777,63274435.0,49100962,49100962,2024-07-26,2024-07-26 15:34:12+08:00
130,159709,物联网ETF工银,0.717,0.7161,-0.13,0.012,1.7,735.0,52336.41,0.71,0.718,0.71,0.705,1.13,0.07,0.14,-14.29,312.0,423.0,22649.0,43.28,0.0,0.0,22649.0,43.28,-14220.0,-27.17,-8429.0,-16.11,100.0,0.71,0.718,109484060.0,78500071,78500071,2024-07-26,2024-07-26 15:34:51+08:00
131,510200,上证券商ETF,0.957,0.9587,0.18,0.016,1.7,15195.0,1454634.0,0.95,0.963,0.947,0.941,1.7,2.03,1.01,-14.25,10980.0,4215.0,462358.0,31.79,155512.0,10.69,306846.0,21.09,-320313.0,-22.02,-142045.0,-9.77,-11.0,0.957,0.958,74885500.0,71665424,71665424,2024-07-26,2024-07-26 16:11:38+08:00
132,159743,湖北ETF,0.66,0.6621,0.32,0.011,1.69,3435.0,226042.5,0.658,0.66,0.653,0.649,1.08,0.2,0.31,-66.67,1929.0,1506.0,27330.0,12.09,-99206.0,-43.89,126536.0,55.98,-19740.0,-8.73,-7590.0,-3.36,2.0,0.653,0.662,167941100.0,110841126,110841126,2024-07-26,2024-07-26 15:34:15+08:00
133,159732,消费电子ETF,0.66,0.6601,0.02,0.011,1.69,1470857.0,96634589.498,0.647,0.664,0.647,0.649,2.62,10.76,1.1,6.01,809234.0,661623.0,2662087.0,2.75,3349066.0,3.47,-686979.0,-0.71,-1892061.0,-1.96,-770026.0,-0.8,-8238.0,0.66,0.661,1367447904.0,902515617,902515617,2024-07-26,2024-07-26 15:34:57+08:00
134,510530,工银中证500ETF,4.99,4.9847,-0.11,0.083,1.69,3136.0,1556282.0,4.931,4.995,4.92,4.907,1.53,0.69,0.57,0.0,2513.0,623.0,173799.0,11.17,0.0,0.0,173799.0,11.17,-199680.0,-12.83,25881.0,1.66,20.0,4.977,4.991,45479400.0,226942206,226942206,2024-07-26,2024-07-26 16:11:34+08:00
135,159944,材料ETF,0.844,0.8447,0.08,0.014,1.69,30805.0,2600032.5,0.834,0.849,0.833,0.83,1.93,11.16,1.43,48.78,17294.0,13511.0,167034.0,6.42,0.0,0.0,167034.0,6.42,-152974.0,-5.88,-14059.0,-0.54,1770.0,0.844,0.847,27608342.0,23301441,23301441,2024-07-26,2024-07-26 15:34:39+08:00
136,516980,证券ETF先锋,0.784,0.784,0.0,0.013,1.69,9228.0,723662.0,0.777,0.786,0.777,0.771,1.17,2.88,1.65,56.29,5800.0,3428.0,6333.0,0.88,392500.0,54.24,-386167.0,-53.36,38932.0,5.38,-45265.0,-6.25,4.0,0.78,0.784,32016000.0,25100544,25100544,2024-07-26,2024-07-26 16:11:38+08:00
137,562880,电池ETF基金,0.423,0.4225,-0.12,0.007,1.68,145752.0,6151806.0,0.416,0.427,0.416,0.416,2.64,2.61,0.99,61.57,59835.0,85917.0,207360.0,3.37,1242820.0,20.2,-1035460.0,-16.83,-163093.0,-2.65,-44266.0,-0.72,-2.0,0.421,0.424,559399600.0,236626031,236626031,2024-07-26,2024-07-26 16:11:59+08:00
138,159922,中证500ETF,4.98,4.9868,0.14,0.082,1.67,877249.0,435138711.726,4.905,4.998,4.905,4.898,1.9,3.74,1.15,17.01,515824.0,361425.0,1861156.0,0.43,38333217.0,8.81,-36472061.0,-8.38,-1600384.0,-0.37,-260770.0,-0.06,-395.0,4.98,4.981,2344669936.0,11676456281,11676456281,2024-07-26,2024-07-26 15:34:27+08:00
139,159994,5GETF,0.791,0.7911,0.01,0.013,1.67,371090.0,29170802.7,0.778,0.795,0.775,0.778,2.57,1.87,1.07,-9.55,224384.0,146706.0,-2431350.0,-8.33,1357796.0,4.65,-3789146.0,-12.99,2324899.0,7.97,106451.0,0.36,3697.0,0.79,0.791,1985001680.0,1570136329,1570136329,2024-07-26,2024-07-26 15:34:06+08:00
140,561950,500指数增强ETF,0.852,0.851,-0.12,0.014,1.67,35902.0,3048621.0,0.841,0.852,0.84,0.838,1.43,3.46,1.12,0.86,21592.0,14310.0,13143.0,0.43,0.0,0.0,13143.0,0.43,-12546.0,-0.41,-597.0,-0.02,118.0,0.849,0.853,103656000.0,88314912,88314912,2024-07-26,2024-07-26 16:11:37+08:00
141,159761,新材料50ETF,0.426,0.4264,0.09,0.007,1.67,219016.0,9309067.275,0.422,0.428,0.422,0.419,1.43,6.28,0.87,7.68,83542.0,135474.0,20443.0,0.22,0.0,0.0,20443.0,0.22,14640.0,0.16,-35083.0,-0.38,12.0,0.426,0.427,348734112.0,148560732,148560732,2024-07-26,2024-07-26 15:34:27+08:00
142,159579,深主板50ETF华安,0.975,0.978,0.31,0.016,1.67,62058.0,6039457.096,0.959,0.978,0.959,0.959,1.98,15.19,0.16,85.7,47997.0,14061.0,199212.0,3.3,2224398.0,36.83,-2025186.0,-33.53,-187478.0,-3.1,-11734.0,-0.19,-30.0,0.975,0.976,40867637.0,39845946,39845946,2024-07-26,2024-07-26 15:34:30+08:00
143,159909,TMT50ETF,0.549,0.5479,-0.2,0.009,1.67,47375.0,2597187.5,0.545,0.55,0.54,0.54,1.85,0.82,2.32,71.74,11601.0,35774.0,-23903.0,-0.92,1538100.0,59.22,-1562003.0,-60.14,-22715.0,-0.87,46618.0,1.79,30.0,0.548,0.549,579062000.0,317905038,317905038,2024-07-26,2024-07-26 15:34:24+08:00
144,516380,智能电动车ETF,0.611,0.6111,0.02,0.01,1.66,8624.0,526961.0,0.606,0.616,0.606,0.601,1.66,0.5,0.96,-11.29,6535.0,2089.0,-99534.0,-18.89,305500.0,57.97,-405034.0,-76.86,79218.0,15.03,20315.0,3.86,1.0,0.606,0.612,172449300.0,105366522,105366522,2024-07-26,2024-07-26 16:11:40+08:00
145,159970,深100ETF工银,3.982,3.9902,0.21,0.065,1.66,99.0,39225.2,3.992,3.992,3.96,3.917,0.82,0.37,0.96,-1.57,,99.0,0.0,0.0,0.0,0.0,0.0,0.0,-32055.0,-81.72,32055.0,81.72,-5.0,3.942,4.0,2644784.0,10531530,10531530,2024-07-26,2024-07-26 15:34:51+08:00
146,510510,中证500ETF基金,1.478,1.4795,0.1,0.024,1.65,171377.0,25281144.0,1.452,1.482,1.452,1.454,2.06,0.92,0.57,-0.87,96727.0,74650.0,2652994.0,10.49,1971339.0,7.8,681655.0,2.7,-2114615.0,-8.36,-538379.0,-2.13,-143.0,1.477,1.478,1863038304.0,2753570613,2753570613,2024-07-26,2024-07-26 16:11:51+08:00
147,159677,1000增强ETF,0.801,0.8004,-0.07,0.013,1.65,220464.0,17620964.6,0.79,0.802,0.79,0.788,1.52,22.29,0.87,35.94,130554.0,89910.0,-166620.0,-0.95,460936.0,2.62,-627556.0,-3.56,193744.0,1.1,-27125.0,-0.15,-1.0,0.801,0.802,98904091.0,79222177,79222177,2024-07-26,2024-07-26 15:34:09+08:00
148,159350,深证50ETF富国,0.986,0.9872,0.12,0.016,1.65,427244.0,42044274.0,0.975,0.989,0.975,0.97,1.44,4.87,0.96,43.32,215356.0,211888.0,1671680.0,3.98,2798343.0,6.66,-1126663.0,-2.68,-1232356.0,-2.93,-439324.0,-1.04,-1754.0,0.986,0.987,878009648.0,865717513,865717513,2024-07-26,2024-07-26 15:35:03+08:00
149,159530,机器人100ETF,0.865,0.8649,-0.01,0.014,1.65,7909.0,681731.958,0.858,0.867,0.856,0.851,1.29,1.48,0.36,-20.05,5772.0,2137.0,349272.0,51.23,0.0,0.0,349272.0,51.23,-197794.0,-29.01,-151478.0,-22.22,-85.0,0.865,0.867,53613169.0,46375391,46375391,2024-07-26,2024-07-26 15:34:12+08:00
150,562530,中证1000价值ETF,0.928,0.9275,-0.05,0.015,1.64,4985.0,460606.0,0.914,0.928,0.914,0.913,1.53,0.78,0.19,0.45,3928.0,1057.0,-168266.0,-36.53,0.0,0.0,-168266.0,-36.53,195762.0,42.5,-27497.0,-5.97,1.0,0.926,0.928,64144000.0,59525632,59525632,2024-07-26,2024-07-26 16:11:58+08:00
151,159633,中证1000指数ETF,1.919,1.9197,0.04,0.031,1.64,564981.0,108143208.511,1.89,1.924,1.89,1.888,1.8,5.27,0.94,-2.76,245197.0,319784.0,4313185.0,3.99,4955445.0,4.58,-642260.0,-0.59,-2284552.0,-2.11,-2028633.0,-1.88,-3894.0,1.919,1.92,1072162656.0,2057480137,2057480137,2024-07-26,2024-07-26 15:35:00+08:00
152,560090,证券指数ETF,0.869,0.8696,0.07,0.014,1.64,157674.0,13657166.0,0.854,0.874,0.851,0.855,2.69,1.19,1.02,-16.1,92027.0,65647.0,-309388.0,-2.27,1009810.0,7.39,-1319198.0,-9.66,185632.0,1.36,123755.0,0.91,-29.0,0.868,0.869,1328865008.0,1154783692,1154783692,2024-07-26,2024-07-26 16:11:46+08:00
153,159582,半导体产业ETF,1.057,1.0581,0.1,0.017,1.63,87899.0,9221416.5,1.037,1.061,1.034,1.04,2.6,26.54,0.73,-27.11,43259.0,44640.0,37777.0,0.41,0.0,0.0,37777.0,0.41,-125818.0,-1.36,88041.0,0.95,200.0,1.056,1.057,33121621.0,35009553,35009553,2024-07-26,2024-07-26 15:35:03+08:00
154,560110,中证1000ETF基金,0.688,0.6884,0.06,0.011,1.62,345582.0,23706876.0,0.68,0.69,0.68,0.677,1.48,8.56,0.86,-11.99,164546.0,181036.0,578975.0,2.44,-973717.0,-4.11,1552692.0,6.55,-374185.0,-1.58,-204791.0,-0.86,3553.0,0.688,0.689,403903504.0,277885611,277885611,2024-07-26,2024-07-26 16:11:51+08:00
155,561100,消费电子ETF富国,0.689,0.6897,0.1,0.011,1.62,221189.0,15141826.0,0.674,0.693,0.674,0.678,2.8,3.83,0.49,-4.42,102383.0,118806.0,111813.0,0.74,1102678.0,7.28,-990865.0,-6.54,-264412.0,-1.75,152599.0,1.01,-1001.0,0.688,0.689,577746896.0,398067611,398067611,2024-07-26,2024-07-26 16:11:41+08:00
156,510170,大宗商品ETF,0.82,0.8224,0.29,0.013,1.61,12148.0,995173.0,0.806,0.826,0.806,0.807,2.48,0.51,0.54,0.85,7406.0,4742.0,82070.0,8.25,0.0,0.0,82070.0,8.25,-25840.0,-2.6,-56231.0,-5.65,-20.0,0.819,0.821,236914800.0,194270136,194270136,2024-07-26,2024-07-26 16:11:45+08:00
157,516620,影视ETF,0.695,0.6959,0.13,0.011,1.61,133219.0,9217010.0,0.682,0.696,0.682,0.684,2.05,14.44,0.8,20.15,80687.0,52532.0,456541.0,4.95,-436730.0,-4.74,893271.0,9.69,-149400.0,-1.62,-307141.0,-3.33,5.0,0.693,0.694,92267500.0,64125913,64125913,2024-07-26,2024-07-26 16:11:33+08:00
158,561800,稀有金属ETF基金,0.443,0.4452,0.49,0.007,1.61,22726.0,1010220.0,0.436,0.448,0.436,0.436,2.75,1.14,0.69,30.26,18765.0,3961.0,46003.0,4.55,249775.0,24.72,-203772.0,-20.17,-3054.0,-0.3,-42949.0,-4.25,-10.0,0.443,0.445,198577200.0,87969700,87969700,2024-07-26,2024-07-26 16:11:39+08:00
159,512100,中证1000ETF,1.91,1.9096,-0.02,0.03,1.6,3284995.0,625502860.0,1.879,1.915,1.878,1.88,1.97,1.95,0.58,-21.58,1717034.0,1567961.0,44384153.0,7.1,46413791.0,7.42,-2029638.0,-0.32,-42884788.0,-6.86,-1499364.0,-0.24,-517.0,1.91,1.911,16863217664.0,32208745738,32208745738,2024-07-26,2024-07-26 16:11:50+08:00
160,159533,中证2000ETF基金,0.897,0.8996,0.29,0.014,1.59,4547.0,407851.9,0.882,0.93,0.882,0.883,5.44,1.21,0.88,8.4,2463.0,2084.0,45717.0,11.21,0.0,0.0,45717.0,11.21,-42029.0,-10.3,-3688.0,-0.9,20.0,0.893,0.898,37458785.0,33600530,33600530,2024-07-26,2024-07-26 15:34:15+08:00
161,510500,中证500ETF,4.806,4.8103,0.09,0.075,1.59,2415192.0,1156705053.0,4.733,4.82,4.732,4.731,1.86,1.44,0.69,-37.05,1350453.0,1064739.0,31070587.0,2.69,65958603.0,5.7,-34888016.0,-3.02,221992.0,0.02,-31292577.0,-2.71,-20.0,4.807,4.808,16813368576.0,80805049376,80805049376,2024-07-26,2024-07-26 16:11:33+08:00
162,515050,5G通信ETF,0.962,0.9626,0.06,0.015,1.58,866930.0,82912726.0,0.945,0.968,0.944,0.947,2.53,1.19,0.89,-26.94,512248.0,354682.0,5481180.0,6.61,8676762.0,10.46,-3195582.0,-3.85,-4838330.0,-5.84,-642851.0,-0.78,-165.0,0.962,0.963,7269068544.0,6992843939,6992843939,2024-07-26,2024-07-26 16:11:57+08:00
163,159935,中证500ETF景顺,1.479,1.4832,0.28,0.023,1.58,5363.0,793693.7,1.473,1.485,1.47,1.456,1.03,1.81,1.33,0.61,3552.0,1811.0,352413.0,44.4,0.0,0.0,352413.0,44.4,-329496.0,-41.51,-22917.0,-2.89,-800.0,1.464,1.494,29572956.0,43738402,43738402,2024-07-26,2024-07-26 15:34:06+08:00
164,159703,新材料ETF,0.515,0.515,0.0,0.008,1.58,84688.0,4346189.7,0.508,0.516,0.508,0.507,1.58,7.26,0.75,-46.81,32478.0,52210.0,-12828.0,-0.3,0.0,0.0,-12828.0,-0.3,705.0,0.02,12122.0,0.28,-2.0,0.515,0.516,116581591.0,60039519,60039519,2024-07-26,2024-07-26 15:34:42+08:00
165,515530,中证500ETF泰康,2.53,2.5304,0.02,0.039,1.57,30801.0,7768057.0,2.5,2.536,2.5,2.491,1.45,13.14,1.06,18.02,13537.0,17264.0,601125.0,7.74,0.0,0.0,601125.0,7.74,-643371.0,-8.28,42247.0,0.54,200.0,2.528,2.532,23442700.0,59310031,59310031,2024-07-26,2024-07-26 16:11:57+08:00
166,510580,中证500ETF易方达,0.587,0.5867,-0.05,0.009,1.56,230453.0,13475340.0,0.58,0.588,0.578,0.578,1.73,0.56,0.89,13.14,124103.0,106350.0,295814.0,2.2,-350917.0,-2.6,646731.0,4.8,-432844.0,-3.21,137031.0,1.02,20.0,0.586,0.587,4132965200.0,2426050572,2426050572,2024-07-26,2024-07-26 16:11:50+08:00
167,159555,2000增强ETF,0.785,0.7862,0.15,0.012,1.55,52516.0,4109320.9,0.78,0.787,0.773,0.773,1.81,8.98,1.43,11.81,21447.0,31069.0,227267.0,5.53,0.0,0.0,227267.0,5.53,19286.0,0.47,-246553.0,-6.0,352.0,0.784,0.785,58462705.0,45893223,45893223,2024-07-26,2024-07-26 15:34:33+08:00
168,159612,标普500ETF,1.51,1.4308,-5.54,0.023,1.55,186884.0,27792140.72,1.482,1.51,1.477,1.487,2.22,6.23,0.82,-34.72,108325.0,78559.0,-1458534.0,-5.25,-2186189.0,-7.87,727655.0,2.62,-82776.0,-0.3,1541308.0,5.55,2360.0,1.509,1.51,299898656.0,452846971,452846971,2024-07-26,2024-07-26 15:34:57+08:00
169,159982,中证500ETF鹏华,1.184,1.184,0.0,0.018,1.54,142242.0,16783390.3,1.166,1.187,1.166,1.166,1.8,4.02,1.06,-20.76,70152.0,72090.0,-17741.0,-0.11,1319836.0,7.86,-1337577.0,-7.97,-129969.0,-0.77,147710.0,0.88,104.0,1.183,1.184,354211248.0,419386118,419386118,2024-07-26,2024-07-26 15:34:06+08:00
170,560010,中证1000ETF指数,1.909,1.9092,0.01,0.029,1.54,839670.0,159973028.0,1.875,1.914,1.875,1.88,2.07,1.04,0.42,10.9,538960.0,300710.0,-6983812.0,-4.37,-15873010.0,-9.92,8889198.0,5.56,-299914.0,-0.19,7283725.0,4.55,51.0,1.907,1.909,8079621632.0,15423997695,15423997695,2024-07-26,2024-07-26 16:12:00+08:00
171,159150,深证50ETF易方达,0.988,0.9897,0.17,0.015,1.54,213942.0,21109166.632,0.978,0.991,0.974,0.973,1.75,6.97,1.26,9.4,119119.0,94823.0,-59444.0,-0.28,-1756255.0,-8.32,1696811.0,8.04,90293.0,0.43,-30849.0,-0.15,-102.0,0.988,0.99,306997616.0,303313645,303313645,2024-07-26,2024-07-26 15:34:42+08:00
172,561350,国泰中证500ETF,0.725,0.7259,0.12,0.011,1.54,512089.0,37013750.0,0.717,0.727,0.716,0.714,1.54,22.59,0.86,-20.11,223575.0,288514.0,342925.0,0.93,6108789.0,16.5,-5765864.0,-15.58,-363331.0,-0.98,20406.0,0.06,-7.0,0.725,0.726,226700000.0,164357500,164357500,2024-07-26,2024-07-26 16:11:37+08:00
173,159845,中证1000ETF,1.912,1.9142,0.11,0.029,1.54,2063758.0,394122397.025,1.882,1.919,1.882,1.883,1.96,2.14,0.63,44.67,1243682.0,820076.0,-11800817.0,-2.99,-37182502.0,-9.43,25381685.0,6.44,6402432.0,1.62,5398384.0,1.37,-7670.0,1.912,1.913,9634425600.0,18421021747,18421021747,2024-07-26,2024-07-26 15:34:51+08:00
174,562590,半导体材料ETF,0.858,0.8559,-0.25,0.013,1.54,43959.0,3735998.0,0.848,0.861,0.84,0.845,2.49,5.66,0.63,-11.77,19837.0,24122.0,-98546.0,-2.64,-170597.0,-4.57,72051.0,1.93,197052.0,5.27,-98504.0,-2.64,50.0,0.857,0.858,77663000.0,66634854,66634854,2024-07-26,2024-07-26 16:12:00+08:00
175,516960,机械ETF,0.661,0.6619,0.14,0.01,1.54,25723.0,1700443.0,0.655,0.664,0.655,0.651,1.38,5.84,0.89,-41.6,13344.0,12379.0,-263086.0,-15.47,0.0,0.0,-263086.0,-15.47,149906.0,8.82,113181.0,6.66,-68.0,0.661,0.663,44051100.0,29117777,29117777,2024-07-26,2024-07-26 16:11:44+08:00
176,560500,500质量成长ETF,0.794,0.7938,-0.03,0.012,1.53,71625.0,5663549.0,0.782,0.796,0.782,0.782,1.79,1.07,0.91,-1.65,42960.0,28665.0,-1448612.0,-25.58,-77238.0,-1.36,-1371374.0,-24.21,323936.0,5.72,1124676.0,19.86,1.0,0.792,0.794,672339008.0,533837172,533837172,2024-07-26,2024-07-26 16:11:35+08:00
177,159556,中证2000ETF增强,0.729,0.7329,0.53,0.011,1.53,31866.0,2320861.71,0.725,0.731,0.724,0.718,0.97,2.3,0.97,-18.93,19307.0,12559.0,195907.0,8.44,212284.0,9.15,-16377.0,-0.71,-144772.0,-6.24,-51135.0,-2.2,-5.0,0.729,0.73,138556089.0,101007389,101007389,2024-07-26,2024-07-26 15:34:36+08:00
178,512500,中证500ETF华夏,2.589,2.5938,0.19,0.039,1.53,489605.0,126476046.0,2.551,2.599,2.551,2.55,1.88,1.08,1.04,67.01,320562.0,169043.0,4330112.0,3.42,-2778563.0,-2.2,7108675.0,5.62,-1852465.0,-1.46,-2477646.0,-1.96,-154.0,2.589,2.59,4519208704.0,11700231335,11700231335,2024-07-26,2024-07-26 16:11:59+08:00
179,159575,创业板200ETF银华,0.798,0.7994,0.18,0.012,1.53,11643.0,927536.0,0.793,0.802,0.793,0.786,1.15,2.1,0.45,-61.29,4452.0,7191.0,57591.0,6.21,0.0,0.0,57591.0,6.21,-8538.0,-0.92,-49053.0,-5.29,206.0,0.79,0.798,55410425.0,44217519,44217519,2024-07-26,2024-07-26 15:34:33+08:00
180,159571,创业板200ETF富国,0.798,0.8011,0.39,0.012,1.53,10165.0,811333.176,0.787,0.801,0.787,0.786,1.78,2.21,0.6,-1.83,5073.0,5092.0,77018.0,9.49,0.0,0.0,77018.0,9.49,-69255.0,-8.54,-7763.0,-0.96,-500.0,0.79,0.8,45981814.0,36693488,36693488,2024-07-26,2024-07-26 15:34:24+08:00
181,517400,黄金股票ETF,0.932,0.9306,-0.15,0.014,1.53,59191.0,5502567.0,0.917,0.935,0.91,0.918,2.72,10.8,0.8,-15.9,30587.0,28604.0,1670500.0,30.36,536830.0,9.76,1133670.0,20.6,-1246697.0,-22.66,-423802.0,-7.7,100.0,0.931,0.932,54792000.0,51066144,51066144,2024-07-26,2024-07-26 16:11:43+08:00
182,561600,消费电子ETF,0.666,0.6647,-0.2,0.01,1.52,87262.0,5778392.0,0.656,0.667,0.654,0.656,1.98,6.65,0.62,-18.67,52090.0,35172.0,-121373.0,-2.1,-167697.0,-2.9,46324.0,0.8,-19675.0,-0.34,141048.0,2.44,8.0,0.664,0.666,131274000.0,87428484,87428484,2024-07-26,2024-07-26 16:11:54+08:00
183,159997,电子ETF,0.869,0.869,0.0,0.013,1.52,568062.0,49089338.6,0.859,0.873,0.853,0.856,2.34,3.78,0.92,18.43,280204.0,287858.0,-1009240.0,-2.06,-3971742.0,-8.09,2962502.0,6.03,892626.0,1.82,116614.0,0.24,50.0,0.868,0.869,1504306640.0,1307242470,1307242470,2024-07-26,2024-07-26 15:34:36+08:00
184,560100,中证500增强ETF,0.803,0.8038,0.1,0.012,1.52,90841.0,7272853.0,0.794,0.805,0.793,0.791,1.52,8.56,1.02,8.06,47724.0,43117.0,51439.0,0.71,1757826.0,24.17,-1706387.0,-23.46,-68761.0,-0.95,17322.0,0.24,561.0,0.805,0.806,106080300.0,85182481,85182481,2024-07-26,2024-07-26 16:11:56+08:00
185,561980,半导体设备ETF,0.941,0.9401,-0.1,0.014,1.51,244375.0,22889370.0,0.928,0.945,0.922,0.927,2.48,12.34,0.79,34.35,121067.0,123308.0,-2332524.0,-10.19,-191344.0,-0.84,-2141180.0,-9.35,1466543.0,6.41,865981.0,3.78,-1.0,0.941,0.942,198110000.0,186421510,186421510,2024-07-26,2024-07-26 16:11:53+08:00
186,560780,芯片设备ETF,0.875,0.8753,0.03,0.013,1.51,14034.0,1226480.0,0.868,0.88,0.858,0.862,2.55,1.37,0.4,97.15,9509.0,4525.0,-23198.0,-1.89,0.0,0.0,-23198.0,-1.89,-19962.0,-1.63,43160.0,3.52,-1.0,0.876,0.88,102496000.0,89684000,89684000,2024-07-26,2024-07-26 16:11:34+08:00
187,159725,线上消费ETF,0.539,0.5384,-0.11,0.008,1.51,12174.0,654275.299,0.536,0.54,0.531,0.531,1.69,1.38,0.53,13.96,8477.0,3697.0,81877.0,12.51,66202.0,10.12,15675.0,2.4,-47791.0,-7.3,-34085.0,-5.21,1585.0,0.536,0.539,88424924.0,47661034,47661034,2024-07-26,2024-07-26 15:34:51+08:00
188,516100,金融科技ETF华夏,0.607,0.6057,-0.21,0.009,1.51,9866.0,597303.0,0.598,0.61,0.598,0.598,2.01,1.46,0.47,0.39,5411.0,4455.0,24805.0,4.15,0.0,0.0,24805.0,4.15,-3729.0,-0.62,-21076.0,-3.53,3.0,0.604,0.607,67759700.0,41130138,41130138,2024-07-26,2024-07-26 16:11:50+08:00
189,159558,半导体材料设备ETF,0.948,0.9488,0.08,0.014,1.5,10193.0,960813.647,0.939,0.952,0.929,0.934,2.46,2.62,0.54,-0.85,3769.0,6424.0,69151.0,7.2,0.0,0.0,69151.0,7.2,-26355.0,-2.74,-42796.0,-4.45,9.0,0.946,0.948,38854641.0,36834200,36834200,2024-07-26,2024-07-26 15:34:42+08:00
190,159578,深证主板50ETF南方,0.95,0.9529,0.3,0.014,1.5,14621.0,1384772.917,0.95,0.951,0.941,0.936,1.07,1.08,1.41,-19.7,8617.0,6004.0,218401.0,15.77,-195947.0,-14.15,414348.0,29.92,-173690.0,-12.54,-44711.0,-3.23,-550.0,0.947,0.951,135998831.0,129198889,129198889,2024-07-26,2024-07-26 15:34:27+08:00
191,159886,机械ETF,0.684,0.6848,0.12,0.01,1.48,160072.0,10932630.5,0.673,0.686,0.673,0.674,1.93,21.33,1.03,-12.74,90461.0,69611.0,-307394.0,-2.81,802191.0,7.34,-1109585.0,-10.15,214884.0,1.97,92510.0,0.85,60.0,0.683,0.684,75042555.0,51329108,51329108,2024-07-26,2024-07-26 15:34:12+08:00
192,159903,深成ETF,1.029,1.0279,-0.11,0.015,1.48,168316.0,17236840.582,1.013,1.03,1.013,1.014,1.68,4.58,1.07,-55.23,106605.0,61711.0,83476.0,0.48,179591.0,1.04,-96115.0,-0.56,222289.0,1.29,-305766.0,-1.77,-1373.0,1.029,1.03,367154512.0,377801993,377801993,2024-07-26,2024-07-26 15:34:36+08:00
193,563030,中证500ETF增强,0.831,0.8314,0.05,0.012,1.47,93086.0,7722773.0,0.823,0.833,0.821,0.819,1.47,3.61,1.66,27.06,64052.0,29034.0,370331.0,4.8,0.0,0.0,370331.0,4.8,-295331.0,-3.82,-75000.0,-0.97,1604.0,0.831,0.832,257669000.0,214122939,214122939,2024-07-26,2024-07-26 16:11:51+08:00
194,159906,深成长龙头ETF,0.693,0.6921,-0.13,0.01,1.46,26683.0,1838920.4,0.683,0.694,0.683,0.683,1.61,1.66,0.69,24.13,18127.0,8556.0,18366.0,1.0,0.0,0.0,18366.0,1.0,25021.0,1.36,-43388.0,-2.36,300.0,0.692,0.696,160639725.0,111323329,111323329,2024-07-26,2024-07-26 15:34:24+08:00
195,516020,化工ETF,0.555,0.5555,0.09,0.008,1.46,468953.0,26014218.0,0.546,0.559,0.546,0.547,2.38,6.75,1.5,-77.13,301517.0,167436.0,-148256.0,-0.57,336583.0,1.29,-484839.0,-1.86,248923.0,0.96,-100667.0,-0.39,-117.0,0.554,0.555,694326208.0,385351045,385351045,2024-07-26,2024-07-26 16:11:54+08:00
196,159968,中证500ETF博时,5.767,5.7737,0.12,0.083,1.46,17645.0,10158570.7,5.733,5.791,5.706,5.684,1.5,1.44,1.19,-11.78,8187.0,9458.0,-288750.0,-2.84,0.0,0.0,-288750.0,-2.84,355752.0,3.5,-67002.0,-0.66,5.0,5.767,5.779,122895098.0,708736030,708736030,2024-07-26,2024-07-26 15:34:21+08:00
197,513090,香港证券ETF,0.904,0.9039,-0.01,0.013,1.46,5893361.0,531524942.0,0.892,0.91,0.892,0.891,2.02,17.49,1.11,0.24,3254607.0,2638754.0,18336340.0,3.45,32838829.0,6.18,-14502489.0,-2.73,-13774347.0,-2.59,-4561993.0,-0.86,472.0,0.903,0.904,3369488000.0,3046017152,3046017152,2024-07-26,2024-07-26 16:11:38+08:00
198,159716,深创100ETF,0.628,0.6287,0.11,0.009,1.45,42448.0,2665717.4,0.624,0.631,0.623,0.619,1.29,2.59,0.63,-23.8,23055.0,19393.0,182120.0,6.83,0.0,0.0,182120.0,6.83,-182862.0,-6.86,742.0,0.03,-101.0,0.628,0.631,163666732.0,102782708,102782708,2024-07-26,2024-07-26 15:34:51+08:00
199,516710,新材料50ETF,0.42,0.4203,0.07,0.006,1.45,79252.0,3325668.0,0.414,0.421,0.414,0.414,1.69,4.45,1.0,-86.4,33927.0,45325.0,23236.0,0.7,-73364.0,-2.21,96600.0,2.9,-26371.0,-0.79,3135.0,0.09,-300.0,0.42,0.421,178272000.0,74874240,74874240,2024-07-26,2024-07-26 16:11:54+08:00
200,512770,战略新兴ETF,1.059,1.0592,0.02,0.015,1.44,2837.0,299021.0,1.053,1.059,1.049,1.044,0.96,0.16,0.06,0.29,357.0,2480.0,45720.0,15.29,0.0,0.0,45720.0,15.29,-34067.0,-11.39,-11654.0,-3.9,120.0,1.057,1.059,174767800.0,185079100,185079100,2024-07-26,2024-07-26 16:11:37+08:00
201,159565,汽车零部件ETF,0.918,0.9194,0.15,0.013,1.44,34552.0,3171381.6,0.9,0.923,0.9,0.905,2.54,8.3,1.47,-85.03,24728.0,9824.0,899596.0,28.37,696368.0,21.96,203228.0,6.41,-519987.0,-16.4,-379609.0,-11.97,10.0,0.916,0.918,41627231.0,38213798,38213798,2024-07-26,2024-07-26 15:34:51+08:00
202,159993,证券ETF龙头,0.848,0.8491,0.13,0.012,1.44,315237.0,26671004.068,0.836,0.853,0.835,0.836,2.15,2.13,0.71,-27.47,158147.0,157090.0,1252355.0,4.7,1651374.0,6.19,-399019.0,-1.5,-701334.0,-2.63,-551021.0,-2.07,-80.0,0.848,0.849,1482197984.0,1256903890,1256903890,2024-07-26,2024-07-26 15:34:18+08:00
203,561780,1000增强ETF,0.85,0.8515,0.18,0.012,1.43,3148.0,266334.0,0.847,0.85,0.846,0.838,0.48,2.1,0.54,0.48,3014.0,134.0,10837.0,4.07,0.0,0.0,10837.0,4.07,0.0,0.0,-10837.0,-4.07,1.0,0.848,0.85,14955800.0,12712430,12712430,2024-07-26,2024-07-26 16:11:47+08:00
204,159795,智能车ETF基金,0.71,0.7105,0.07,0.01,1.43,49673.0,3518519.5,0.697,0.713,0.697,0.7,2.29,7.08,1.21,9.79,24725.0,24948.0,-68001.0,-1.93,0.0,0.0,-68001.0,-1.93,89681.0,2.55,-21681.0,-0.62,74.0,0.71,0.712,70169473.0,49820326,49820326,2024-07-26,2024-07-26 15:34:18+08:00
205,159573,创业板200ETF华夏,0.781,0.7818,0.1,0.011,1.43,136881.0,10670057.214,0.77,0.785,0.77,0.77,1.95,3.79,0.93,-69.48,76106.0,60775.0,275458.0,2.58,386914.0,3.63,-111456.0,-1.04,-154905.0,-1.45,-120553.0,-1.13,340.0,0.78,0.781,361456304.0,282297373,282297373,2024-07-26,2024-07-26 15:34:54+08:00
206,516300,中证1000指数ETF,0.785,0.7855,0.06,0.011,1.42,127333.0,9986010.0,0.769,0.788,0.769,0.774,2.45,8.13,0.95,10.04,73591.0,53742.0,517922.0,5.19,536021.0,5.37,-18099.0,-0.18,-147635.0,-1.48,-370287.0,-3.71,22.0,0.784,0.785,156602200.0,122932727,122932727,2024-07-26,2024-07-26 16:11:56+08:00
207,159820,中证500ETF天弘,0.786,0.7867,0.09,0.011,1.42,79624.0,6245521.6,0.777,0.788,0.777,0.775,1.42,0.32,2.05,48.54,55667.0,23957.0,-251694.0,-4.03,-369554.0,-5.92,117860.0,1.89,183788.0,2.94,67905.0,1.09,70.0,0.785,0.786,2501408464.0,1966107053,1966107053,2024-07-26,2024-07-26 15:35:03+08:00
208,159610,500ETF增强,0.715,0.715,0.0,0.01,1.42,188253.0,13404812.4,0.705,0.716,0.705,0.705,1.56,2.01,1.08,32.54,92753.0,95500.0,-662726.0,-4.94,793269.0,5.92,-1455995.0,-10.86,471866.0,3.52,190860.0,1.42,200.0,0.713,0.715,934568208.0,668216269,668216269,2024-07-26,2024-07-26 15:34:30+08:00
209,159848,证券ETF基金,0.646,0.6485,0.39,0.009,1.41,65680.0,4245595.3,0.635,0.652,0.635,0.637,2.67,5.22,1.47,-35.28,45120.0,20560.0,100814.0,2.37,893523.0,21.05,-792709.0,-18.67,-69097.0,-1.63,-31717.0,-0.75,-2.0,0.646,0.648,125811239.0,81274060,81274060,2024-07-26,2024-07-26 15:35:00+08:00
210,512980,传媒ETF,0.578,0.578,0.0,0.008,1.4,1925318.0,111084478.0,0.573,0.58,0.57,0.57,1.75,3.31,1.37,-6.13,1285948.0,639370.0,6781775.0,6.11,-12136699.0,-10.93,18918474.0,17.03,-4754098.0,-4.28,-2027676.0,-1.83,-9429.0,0.577,0.578,5821424384.0,3364783294,3364783294,2024-07-26,2024-07-26 16:11:55+08:00
211,159505,国证2000指数ETF,0.795,0.7988,0.48,0.011,1.4,4733.0,375717.595,0.791,0.797,0.789,0.784,1.02,0.96,0.67,-63.44,943.0,3790.0,133736.0,35.59,0.0,0.0,133736.0,35.59,-117812.0,-31.36,-15923.0,-4.24,-20.0,0.795,0.798,49104786.0,39038305,39038305,2024-07-26,2024-07-26 15:34:57+08:00
212,561130,国货ETF,0.651,0.6514,0.06,0.009,1.4,192154.0,12469971.0,0.647,0.652,0.645,0.642,1.09,6.77,0.9,-7.43,117358.0,74796.0,171819.0,1.38,233990.0,1.88,-62171.0,-0.5,-268751.0,-2.16,96932.0,0.78,-3130.0,0.651,0.652,283935200.0,184841815,184841815,2024-07-26,2024-07-26 16:11:59+08:00
213,516190,文娱传媒ETF,0.727,0.7271,0.01,0.01,1.39,21926.0,1591385.0,0.722,0.73,0.719,0.717,1.53,6.66,0.56,-25.51,11003.0,10923.0,27862.0,1.75,0.0,0.0,27862.0,1.75,1312.0,0.08,-29173.0,-1.83,-10.0,0.727,0.728,32918500.0,23931750,23931750,2024-07-26,2024-07-26 16:11:33+08:00
214,159692,证券ETF东财,0.876,0.8771,0.13,0.012,1.39,101494.0,8876112.3,0.865,0.882,0.861,0.864,2.43,7.72,0.74,-40.17,44056.0,57438.0,162233.0,1.83,0.0,0.0,162233.0,1.83,-223229.0,-2.51,60996.0,0.69,-135.0,0.876,0.879,131455969.0,115155429,115155429,2024-07-26,2024-07-26 15:34:24+08:00
215,159552,中证2000增强ETF,0.95,0.9543,0.45,0.013,1.39,30022.0,2837884.616,0.938,0.951,0.938,0.937,1.39,11.64,2.36,3.16,3487.0,26535.0,-24694.0,-0.87,5108.0,0.18,-29802.0,-1.05,13340.0,0.47,11353.0,0.4,30.0,0.95,0.951,25790319.0,24500803,24500803,2024-07-26,2024-07-26 15:34:15+08:00
216,515320,电子50ETF,0.658,0.6572,-0.12,0.009,1.39,95704.0,6238144.0,0.648,0.659,0.646,0.649,2.0,3.48,0.82,-4.26,44983.0,50721.0,-146732.0,-2.35,397077.0,6.37,-543809.0,-8.72,153122.0,2.45,-6388.0,-0.1,300.0,0.656,0.658,275309008.0,181153327,181153327,2024-07-26,2024-07-26 16:11:50+08:00
217,159322,黄金产业ETF,0.951,0.9551,0.43,0.013,1.39,12281.0,1168038.0,0.937,0.957,0.937,0.938,2.13,4.83,0.54,28.73,7757.0,4524.0,298560.0,25.56,0.0,0.0,298560.0,25.56,-216154.0,-18.51,-82406.0,-7.06,-10.0,0.952,0.953,25411691.0,24166518,24166518,2024-07-26,2024-07-26 15:34:51+08:00
218,159315,黄金股ETF基金,0.954,0.9572,0.33,0.013,1.38,45905.0,4369458.272,0.931,0.958,0.931,0.941,2.87,3.53,0.58,-80.73,22935.0,22970.0,291554.0,6.67,0.0,0.0,291554.0,6.67,-272888.0,-6.25,-18666.0,-0.43,-40.0,0.954,0.955,130089621.0,124105498,124105498,2024-07-26,2024-07-26 15:34:54+08:00
219,159701,物联网ETF招商,0.662,0.6635,0.23,0.009,1.38,54782.0,3608350.8,0.658,0.665,0.654,0.653,1.68,17.84,0.92,-4.64,29249.0,25533.0,156318.0,4.33,0.0,0.0,156318.0,4.33,-157478.0,-4.36,1160.0,0.03,-50.0,0.662,0.664,30705601.0,20327108,20327108,2024-07-26,2024-07-26 15:34:36+08:00
220,517200,互联网ETF,0.442,0.4422,0.05,0.006,1.38,11715.0,516044.0,0.438,0.443,0.438,0.436,1.15,0.48,0.45,-7.21,7315.0,4400.0,31150.0,6.04,-131943.0,-25.57,163093.0,31.6,-62416.0,-12.1,31265.0,6.06,1.0,0.441,0.442,245782000.0,108635644,108635644,2024-07-26,2024-07-26 16:11:38+08:00
221,159912,深300ETF,1.182,1.1808,-0.1,0.016,1.37,14316.0,1686505.3,1.158,1.184,1.158,1.166,2.23,1.88,0.6,-88.68,8668.0,5648.0,432499.0,25.64,0.0,0.0,432499.0,25.64,-345854.0,-20.51,-86645.0,-5.14,60.0,1.175,1.182,75948991.0,89771707,89771707,2024-07-26,2024-07-26 15:34:30+08:00
222,159698,粮食ETF,0.741,0.742,0.13,0.01,1.37,55545.0,4101126.508,0.731,0.742,0.731,0.731,1.5,2.08,1.11,28.3,18579.0,36966.0,1185397.0,28.9,1282696.0,31.28,-97299.0,-2.37,-578139.0,-14.1,-607258.0,-14.81,240.0,0.74,0.741,266444378.0,197435284,197435284,2024-07-26,2024-07-26 15:34:30+08:00
223,159706,深证100ETF华安,0.594,0.5948,0.13,0.008,1.37,43328.0,2570968.3,0.591,0.596,0.59,0.586,1.02,6.16,0.77,11.39,15747.0,27581.0,45565.0,1.77,476000.0,18.51,-430435.0,-16.74,-60847.0,-2.37,15282.0,0.59,-80.0,0.59,0.595,70386800.0,41809759,41809759,2024-07-26,2024-07-26 15:34:48+08:00
224,515250,智能汽车ETF,0.744,0.7436,-0.05,0.01,1.36,487382.0,36181092.0,0.735,0.747,0.734,0.734,1.77,5.9,1.0,-20.85,270294.0,217088.0,-1792060.0,-4.95,-5395077.0,-14.91,3603017.0,9.96,1622976.0,4.49,169085.0,0.47,61.0,0.743,0.744,825944496.0,614502705,614502705,2024-07-26,2024-07-26 16:11:53+08:00
225,159537,信创ETF,0.824,0.8169,-0.87,0.011,1.35,16305.0,1327962.4,0.813,0.824,0.806,0.813,2.21,4.71,0.56,38.28,11756.0,4549.0,7147.0,0.54,0.0,0.0,7147.0,0.54,38520.0,2.9,-45667.0,-3.44,-8.0,0.824,0.825,34642602.0,28545504,28545504,2024-07-26,2024-07-26 15:34:21+08:00
226,513320,恒生新经济ETF,0.826,0.8261,0.01,0.011,1.35,49138.0,4053640.0,0.816,0.829,0.816,0.815,1.6,9.63,1.68,-0.82,30761.0,18377.0,-77038.0,-1.9,-742408.0,-18.31,665370.0,16.41,109560.0,2.7,-32521.0,-0.8,209.0,0.825,0.826,51010600.0,42134756,42134756,2024-07-26,2024-07-26 16:11:51+08:00
227,516110,汽车ETF,1.055,1.0553,0.03,0.014,1.34,471290.0,49736393.0,1.052,1.065,1.044,1.041,2.02,8.53,1.19,-17.16,220931.0,250359.0,-3781292.0,-7.6,-231256.0,-0.46,-3550036.0,-7.14,2230154.0,4.48,1551139.0,3.12,-1.0,1.055,1.056,552623104.0,583017375,583017375,2024-07-26,2024-07-26 16:11:46+08:00
228,159678,中证500增强ETF,0.833,0.8331,0.01,0.011,1.34,20602.0,1709766.86,0.831,0.834,0.825,0.822,1.09,1.78,0.78,-48.25,4424.0,16178.0,159103.0,9.31,0.0,0.0,159103.0,9.31,-123986.0,-7.25,-35115.0,-2.05,17.0,0.831,0.833,115643694.0,96331197,96331197,2024-07-26,2024-07-26 15:34:12+08:00
229,159721,深创龙头ETF,0.608,0.6111,0.51,0.008,1.33,12733.0,774646.9,0.606,0.611,0.606,0.6,0.83,1.46,1.92,-44.24,4253.0,8480.0,-26387.0,-3.41,0.0,0.0,-26387.0,-3.41,19942.0,2.57,6444.0,0.83,1.0,0.602,0.611,87431696.0,53158471,53158471,2024-07-26,2024-07-26 15:34:48+08:00
230,516130,消费龙头ETF,0.686,0.6858,-0.03,0.009,1.33,52159.0,3576646.0,0.676,0.688,0.676,0.677,1.77,5.56,0.89,6.04,24179.0,27980.0,-14640.0,-0.41,-289039.0,-8.08,274399.0,7.67,30011.0,0.84,-15372.0,-0.43,-91.0,0.68,0.687,93890000.0,64408540,64408540,2024-07-26,2024-07-26 16:11:54+08:00
231,516590,智能汽车50ETF,0.766,0.7651,-0.12,0.01,1.32,59149.0,4522525.0,0.758,0.771,0.757,0.756,1.85,5.1,0.4,7.05,37152.0,21997.0,-188062.0,-4.16,0.0,0.0,-188062.0,-4.16,100689.0,2.23,87373.0,1.93,123.0,0.765,0.766,116015000.0,88867490,88867490,2024-07-26,2024-07-26 16:11:36+08:00
232,159707,地产ETF,0.538,0.5381,0.02,0.007,1.32,422429.0,22772567.4,0.531,0.545,0.531,0.531,2.64,9.22,0.8,22.43,209474.0,212955.0,19139.0,0.08,636461.0,2.79,-617322.0,-2.71,77635.0,0.34,-96776.0,-0.42,510.0,0.537,0.538,458048208.0,246429936,246429936,2024-07-26,2024-07-26 15:34:45+08:00
233,159967,创业板成长ETF,0.385,0.3843,-0.18,0.005,1.32,1700881.0,65261282.23,0.381,0.387,0.38,0.38,1.84,1.74,0.9,-16.64,943285.0,757596.0,2089781.0,3.2,3870282.0,5.93,-1780501.0,-2.73,-2009951.0,-3.08,-79829.0,-0.12,21357.0,0.384,0.385,9751305728.0,3754252705,3754252705,2024-07-26,2024-07-26 15:35:00+08:00
234,159779,消费电子50ETF,0.617,0.6182,0.19,0.008,1.31,55947.0,3435244.9,0.609,0.621,0.607,0.609,2.3,4.59,0.89,-72.8,25870.0,30077.0,109217.0,3.18,-54654.0,-1.59,163871.0,4.77,-114197.0,-3.32,4980.0,0.14,209.0,0.614,0.617,121869337.0,75193381,75193381,2024-07-26,2024-07-26 15:34:06+08:00
235,512190,浙商之江凤凰ETF,1.627,1.6318,0.29,0.021,1.31,33.0,5356.0,1.626,1.627,1.619,1.606,0.5,0.01,0.82,-73.33,17.0,16.0,0.0,0.0,0.0,0.0,0.0,0.0,0.0,0.0,0.0,0.0,9.0,1.627,1.63,32118400.0,52256637,52256637,2024-07-26,2024-07-26 16:11:38+08:00
236,159973,民企ETF,1.085,1.086,0.09,0.014,1.31,7324.0,793119.1,1.079,1.086,1.078,1.071,0.75,0.37,1.61,79.66,4566.0,2758.0,101804.0,12.84,0.0,0.0,101804.0,12.84,-106344.0,-13.41,4541.0,0.57,20.0,1.074,1.085,199976423.0,216974419,216974419,2024-07-26,2024-07-26 15:34:18+08:00
237,515260,电子ETF,0.699,0.6993,0.04,0.009,1.3,143027.0,9937970.0,0.691,0.702,0.687,0.69,2.17,1.87,0.9,-4.08,74224.0,68803.0,-295768.0,-2.98,-479481.0,-4.82,183713.0,1.85,131750.0,1.33,164018.0,1.65,-39.0,0.698,0.699,764284208.0,534234661,534234661,2024-07-26,2024-07-26 16:11:39+08:00
238,159901,深证100ETF,2.33,2.3316,0.07,0.03,1.3,429236.0,99796259.9,2.308,2.338,2.308,2.3,1.3,1.68,0.85,-8.79,232459.0,196777.0,310605.0,0.31,9922702.0,9.94,-9612097.0,-9.63,2684001.0,2.69,-2994605.0,-3.0,747.0,2.329,2.33,2555634928.0,5954629382,5954629382,2024-07-26,2024-07-26 15:34:18+08:00
239,510410,资源ETF,1.166,1.1673,0.11,0.015,1.3,123841.0,14443549.0,1.147,1.175,1.147,1.151,2.43,2.93,1.01,-0.85,74199.0,49642.0,-127251.0,-0.88,1658442.0,11.48,-1785693.0,-12.36,367316.0,2.54,-240065.0,-1.66,-4.0,1.166,1.167,423258400.0,493519294,493519294,2024-07-26,2024-07-26 16:12:01+08:00
240,512510,中证500指数ETF,1.325,1.3249,-0.01,0.017,1.3,41966.0,5533465.0,1.309,1.328,1.308,1.308,1.53,1.06,1.1,-7.05,22702.0,19264.0,849911.0,15.36,538871.0,9.74,311040.0,5.62,-887979.0,-16.05,38068.0,0.69,260.0,1.323,1.326,394429808.0,522619496,522619496,2024-07-26,2024-07-26 16:11:50+08:00
241,561590,中证1000增强ETF,0.782,0.7826,0.08,0.01,1.3,42548.0,3325725.0,0.775,0.784,0.775,0.772,1.17,7.21,0.85,-0.41,23896.0,18652.0,-81278.0,-2.44,0.0,0.0,-81278.0,-2.44,140737.0,4.23,-59459.0,-1.79,1535.0,0.78,0.783,58999600.0,46137687,46137687,2024-07-26,2024-07-26 16:11:44+08:00
242,561550,500增强ETF,0.783,0.7826,-0.05,0.01,1.29,223597.0,17456378.0,0.775,0.784,0.773,0.773,1.42,2.08,0.91,-15.56,115529.0,108068.0,-678662.0,-3.89,0.0,0.0,-678662.0,-3.89,-48757.0,-0.28,727419.0,4.17,25.0,0.781,0.783,1076989600.0,843282857,843282857,2024-07-26,2024-07-26 16:11:55+08:00
243,517360,沪港深科技ETF,0.71,0.704,-0.85,0.009,1.28,7043.0,495783.0,0.705,0.71,0.702,0.701,1.14,0.89,0.62,-0.7,42.0,7001.0,73257.0,14.78,0.0,0.0,73257.0,14.78,-70650.0,-14.25,-2607.0,-0.53,3.0,0.706,0.71,79083000.0,56148930,56148930,2024-07-26,2024-07-26 16:11:51+08:00
244,159855,影视ETF,0.632,0.6317,-0.05,0.008,1.28,41163.0,2586123.9,0.624,0.633,0.62,0.624,2.08,3.49,0.85,-38.37,23797.0,17366.0,354175.0,13.7,-251.0,-0.01,354426.0,13.7,-252275.0,-9.75,-101900.0,-3.94,-11.0,0.632,0.633,117925236.0,74528749,74528749,2024-07-26,2024-07-26 15:34:57+08:00
245,159629,1000ETF,1.908,1.9099,0.1,0.024,1.27,766113.0,146075348.352,1.884,1.915,1.88,1.884,1.86,1.94,0.66,-51.24,542101.0,224013.0,-3192413.0,-2.19,-16794370.0,-11.5,13601957.0,9.31,1915687.0,1.31,1276725.0,0.87,1126.0,1.907,1.908,3939252656.0,7516094068,7516094068,2024-07-26,2024-07-26 15:35:03+08:00
246,512330,信息科技ETF,0.718,0.7184,0.06,0.009,1.27,18726.0,1343149.0,0.71,0.723,0.708,0.709,2.12,0.33,0.59,-4.08,7958.0,10768.0,-155998.0,-11.61,-71.0,-0.01,-155927.0,-11.61,148028.0,11.02,7970.0,0.59,100.0,0.716,0.718,565188000.0,405804984,405804984,2024-07-26,2024-07-26 16:11:38+08:00
247,516730,证券公司ETF,0.719,0.7181,-0.13,0.009,1.27,119623.0,8577025.0,0.703,0.723,0.703,0.71,2.82,15.98,1.19,42.35,63352.0,56271.0,295258.0,3.44,0.0,0.0,295258.0,3.44,-217797.0,-2.54,-77461.0,-0.9,1.0,0.715,0.719,74880800.0,53839295,53839295,2024-07-26,2024-07-26 16:11:46+08:00
248,159805,传媒ETF,0.8,0.8009,0.11,0.01,1.27,257414.0,20548665.9,0.79,0.804,0.79,0.79,1.77,8.64,0.95,-23.39,129731.0,127683.0,2752036.0,13.39,2744984.0,13.36,7052.0,0.03,-1692805.0,-8.24,-1059233.0,-5.15,-1252.0,0.8,0.801,297952480.0,238361984,238361984,2024-07-26,2024-07-26 15:34:48+08:00
249,561280,中证1000ETF增强,0.802,0.8037,0.21,0.01,1.26,12589.0,1009822.0,0.794,0.804,0.793,0.792,1.39,2.3,0.35,3.78,5300.0,7289.0,173822.0,17.21,0.0,0.0,173822.0,17.21,-138915.0,-13.76,-34908.0,-3.46,45.0,0.802,0.805,54847700.0,43987855,43987855,2024-07-26,2024-07-26 16:11:35+08:00
250,159728,在线消费ETF,0.563,0.5634,0.07,0.007,1.26,37563.0,2108096.6,0.557,0.565,0.557,0.556,1.44,4.95,1.42,22.82,27267.0,10296.0,-100482.0,-4.77,225073.0,10.68,-325555.0,-15.44,86880.0,4.12,13603.0,0.65,21.0,0.561,0.563,75910129.0,42737403,42737403,2024-07-26,2024-07-26 15:34:57+08:00
251,517550,消费ETF沪港深,0.644,0.6455,0.23,0.008,1.26,3108.0,201174.0,0.64,0.648,0.64,0.636,1.26,1.01,1.11,1.99,1647.0,1461.0,-3680.0,-1.83,28980.0,14.41,-32660.0,-16.23,4777.0,2.37,-1097.0,-0.55,-6.0,0.645,0.648,30917400.0,19910806,19910806,2024-07-26,2024-07-26 16:12:00+08:00
252,159796,电池50ETF,0.483,0.4839,0.19,0.006,1.26,322673.0,15626831.1,0.479,0.488,0.479,0.477,1.89,1.85,0.82,-16.12,158220.0,164453.0,2080028.0,13.31,633425.0,4.05,1446603.0,9.26,-2173385.0,-13.91,93356.0,0.6,-142.0,0.483,0.484,1741467552.0,841128828,841128828,2024-07-26,2024-07-26 15:34:45+08:00
253,562330,中证500价值ETF,0.888,0.8883,0.03,0.011,1.25,42365.0,3753418.0,0.878,0.89,0.878,0.877,1.37,8.64,0.86,-25.02,22390.0,19975.0,387055.0,10.31,0.0,0.0,387055.0,10.31,-435372.0,-11.6,48317.0,1.29,-236.0,0.888,0.889,49018900.0,43528783,43528783,2024-07-26,2024-07-26 16:11:52+08:00
254,561910,电池ETF,0.404,0.4034,-0.15,0.005,1.25,169997.0,6854461.0,0.398,0.408,0.398,0.399,2.51,1.87,0.51,-68.5,88563.0,81434.0,98390.0,1.44,953211.0,13.91,-854821.0,-12.47,-43898.0,-0.64,-54492.0,-0.79,1.0,0.403,0.404,911076608.0,368074950,368074950,2024-07-26,2024-07-26 16:11:37+08:00
255,516520,智能驾驶ETF,0.808,0.8082,0.02,0.01,1.25,152803.0,12323451.0,0.801,0.813,0.798,0.798,1.88,7.15,0.92,-14.91,86137.0,66666.0,-1701777.0,-13.81,-1277450.0,-10.37,-424327.0,-3.44,912909.0,7.41,788866.0,6.4,-1.0,0.808,0.809,213765500.0,172722524,172722524,2024-07-26,2024-07-26 16:11:33+08:00
256,159768,房地产ETF,0.485,0.484,-0.21,0.006,1.25,318862.0,15449605.1,0.477,0.49,0.477,0.479,2.71,6.16,0.91,-45.86,180966.0,137896.0,89054.0,0.58,786718.0,5.09,-697664.0,-4.52,-100188.0,-0.65,11136.0,0.07,1301.0,0.484,0.485,517450304.0,250963397,250963397,2024-07-26,2024-07-26 15:34:57+08:00
257,515190,中银证券500ETF,0.973,0.9776,0.47,0.012,1.25,264.0,25662.0,0.967,0.973,0.967,0.961,0.62,0.05,1.17,59.31,221.0,43.0,17514.0,68.25,0.0,0.0,17514.0,68.25,0.0,0.0,-17514.0,-68.25,180.0,0.973,0.978,57466100.0,55914515,55914515,2024-07-26,2024-07-26 16:11:57+08:00
258,513730,东南亚科技ETF,1.136,1.1178,-1.63,0.014,1.25,277184.0,31366035.0,1.123,1.137,1.123,1.122,1.25,4.26,0.39,-72.79,192625.0,84559.0,-2638512.0,-8.41,-102223.0,-0.33,-2536289.0,-8.09,2251660.0,7.18,386853.0,1.23,200.0,1.135,1.136,651355008.0,739939289,739939289,2024-07-26,2024-07-26 16:11:50+08:00
259,561160,锂电池ETF,0.407,0.4075,0.12,0.005,1.24,593049.0,24240503.0,0.4,0.412,0.4,0.402,2.99,3.85,1.47,-29.08,291788.0,301261.0,263561.0,1.09,1769286.0,7.3,-1505725.0,-6.21,-223948.0,-0.92,-39614.0,-0.16,-403.0,0.407,0.408,1539835008.0,626712848,626712848,2024-07-26,2024-07-26 16:11:33+08:00
260,562950,消费电子50ETF,0.652,0.6532,0.18,0.008,1.24,87021.0,5634586.0,0.639,0.655,0.639,0.644,2.48,6.43,0.83,-20.07,36196.0,50825.0,-55462.0,-0.98,276033.0,4.9,-331495.0,-5.88,23394.0,0.42,32066.0,0.57,-338.0,0.652,0.653,135258300.0,88188412,88188412,2024-07-26,2024-07-26 16:11:48+08:00
261,517660,物联网沪港深ETF,0.735,0.7327,-0.31,0.009,1.24,78420.0,5750525.0,0.73,0.735,0.727,0.726,1.1,16.24,1.35,7.13,47024.0,31396.0,7292.0,0.13,730000.0,12.69,-722708.0,-12.57,-8761.0,-0.15,1469.0,0.03,3300.0,0.734,0.736,48280700.0,35486315,35486315,2024-07-26,2024-07-26 16:11:37+08:00
262,159576,深证100ETF广发,0.98,0.9809,0.09,0.012,1.24,133034.0,13012460.1,0.973,0.983,0.972,0.968,1.14,23.97,0.95,-13.58,57891.0,75143.0,569455.0,4.38,0.0,0.0,569455.0,4.38,-595303.0,-4.57,25848.0,0.2,-3.0,0.98,0.981,55509612.0,54399420,54399420,2024-07-26,2024-07-26 15:34:57+08:00
263,159679,中证1000增强ETF,0.739,0.7432,0.57,0.009,1.23,51151.0,3779907.716,0.734,0.743,0.734,0.73,1.23,1.4,1.62,-5.19,23633.0,27518.0,305428.0,8.08,668795.0,17.69,-363367.0,-9.61,-231237.0,-6.12,-74191.0,-1.96,-110.0,0.739,0.742,366089152.0,270539883,270539883,2024-07-26,2024-07-26 15:34:36+08:00
264,159321,黄金股票ETF,0.906,0.9081,0.23,0.011,1.23,78276.0,7065914.7,0.895,0.908,0.888,0.895,2.23,7.12,1.12,-35.51,64103.0,14173.0,-297108.0,-4.2,-1354500.0,-19.17,1057392.0,14.96,186279.0,2.64,110829.0,1.57,13.0,0.905,0.906,109900397.0,99569760,99569760,2024-07-26,2024-07-26 15:34:48+08:00
265,159541,创业板综ETF万家,0.829,0.8304,0.17,0.01,1.22,212352.0,17569128.1,0.825,0.832,0.819,0.819,1.59,12.3,0.93,5.37,117197.0,95155.0,98513.0,0.56,-246241.0,-1.4,344754.0,1.96,-50670.0,-0.29,-47843.0,-0.27,-4.0,0.829,0.831,172593326.0,143079867,143079867,2024-07-26,2024-07-26 15:34:27+08:00
266,159685,1000增强ETF天弘,0.748,0.7499,0.25,0.009,1.22,44006.0,3289243.9,0.741,0.751,0.741,0.739,1.35,14.95,0.61,-9.32,17026.0,26980.0,96482.0,2.93,0.0,0.0,96482.0,2.93,-113009.0,-3.44,16527.0,0.5,-1149.0,0.749,0.75,29440067.0,22021170,22021170,2024-07-26,2024-07-26 15:34:36+08:00
267,159543,国证2000ETF基金,0.752,0.7514,-0.08,0.009,1.21,43307.0,3245949.0,0.741,0.752,0.741,0.743,1.48,6.54,6.92,-30.4,14204.0,29103.0,58641.0,1.81,0.0,0.0,58641.0,1.81,-75034.0,-2.31,16394.0,0.51,124.0,0.749,0.752,66196551.0,49779806,49779806,2024-07-26,2024-07-26 15:34:30+08:00
268,516220,化工龙头ETF,0.586,0.5869,0.15,0.007,1.21,299217.0,17524386.0,0.58,0.59,0.58,0.579,1.73,14.66,0.96,-12.51,149026.0,150191.0,105721.0,0.6,-490756.0,-2.8,596477.0,3.4,-80953.0,-0.46,-24768.0,-0.14,-86.0,0.586,0.588,204170000.0,119643620,119643620,2024-07-26,2024-07-26 16:11:42+08:00
269,515630,保险证券ETF,0.939,0.9391,0.01,0.011,1.19,91214.0,8561752.0,0.93,0.946,0.93,0.928,1.72,8.84,1.09,13.1,45382.0,45832.0,-802097.0,-9.37,-1032521.0,-12.06,230424.0,2.69,561266.0,6.56,240832.0,2.81,-7.0,0.937,0.939,103217700.0,96921420,96921420,2024-07-26,2024-07-26 16:11:42+08:00
270,513380,恒生科技ETF龙头,0.855,0.8474,-0.9,0.01,1.18,1744804.0,148739934.0,0.851,0.858,0.845,0.845,1.54,6.33,1.34,-46.6,951423.0,793381.0,-1229906.0,-0.83,6533325.0,4.39,-7763231.0,-5.22,1977651.0,1.33,-747746.0,-0.5,30.0,0.854,0.855,2756392496.0,2356715584,2356715584,2024-07-26,2024-07-26 16:11:46+08:00
271,159804,创中盘88ETF,0.867,0.8705,0.4,0.01,1.17,515.0,44754.2,0.863,0.87,0.863,0.857,0.82,0.04,0.39,97.89,175.0,340.0,44408.0,99.23,0.0,0.0,44408.0,99.23,-26070.0,-58.25,-18339.0,-40.98,-34.0,0.86,0.868,121899676.0,105687019,105687019,2024-07-26,2024-07-26 15:34:21+08:00
272,513890,恒生科技HKETF,0.694,0.7047,1.52,0.008,1.17,578802.0,40091811.0,0.69,0.699,0.688,0.686,1.6,23.33,1.09,-59.88,281025.0,297777.0,1255505.0,3.13,1799094.0,4.49,-543589.0,-1.36,-1087803.0,-2.71,-167702.0,-0.42,500.0,0.693,0.694,248128000.0,172200832,172200832,2024-07-26,2024-07-26 16:11:38+08:00
273,159801,芯片ETF龙头,0.437,0.4366,-0.09,0.005,1.16,696565.0,30242150.0,0.435,0.439,0.429,0.432,2.31,1.49,0.61,-12.9,348118.0,348447.0,-1837870.0,-6.08,-2261307.0,-7.48,423437.0,1.4,1078244.0,3.57,759626.0,2.51,-4543.0,0.437,0.438,4682120192.0,2046086524,2046086524,2024-07-26,2024-07-26 15:34:24+08:00
274,159563,创业板综ETF华夏,0.97,0.9685,-0.15,0.011,1.15,54826.0,5310154.2,0.965,0.973,0.964,0.959,0.94,23.47,1.55,-96.9,32698.0,22128.0,35747.0,0.67,0.0,0.0,35747.0,0.67,-28943.0,-0.55,-6804.0,-0.13,30.0,0.97,0.971,23360773.0,22659950,22659950,2024-07-26,2024-07-26 15:34:21+08:00
275,159735,港股消费ETF,0.531,0.5345,0.65,0.006,1.14,52932.0,2812481.5,0.528,0.536,0.528,0.525,1.52,3.0,0.66,-5.58,28846.0,24086.0,472394.0,16.8,0.0,0.0,472394.0,16.8,-338019.0,-12.02,-134375.0,-4.78,254.0,0.53,0.531,176561371.0,93754088,93754088,2024-07-26,2024-07-26 15:34:06+08:00
276,159870,化工ETF,0.532,0.5323,0.06,0.006,1.14,512607.0,27260386.184,0.525,0.536,0.525,0.526,2.09,1.96,0.84,6.37,333859.0,178748.0,1818993.0,6.67,2038013.0,7.48,-219020.0,-0.8,-1307284.0,-4.8,-511710.0,-1.88,-1012.0,0.532,0.533,2611607024.0,1389374937,1389374937,2024-07-26,2024-07-26 15:34:36+08:00
277,517520,黄金股ETF,1.157,1.1576,0.05,0.013,1.14,519820.0,60037660.0,1.133,1.164,1.133,1.144,2.71,4.39,0.62,-18.79,264555.0,255265.0,-3235329.0,-5.39,-1467801.0,-2.44,-1767528.0,-2.94,3093279.0,5.15,142050.0,0.24,-360.0,1.156,1.158,1183404000.0,1369198428,1369198428,2024-07-26,2024-07-26 16:11:56+08:00
278,588460,科创50增强ETF,0.802,0.8025,0.06,0.009,1.13,280591.0,22396588.0,0.794,0.807,0.791,0.793,2.02,5.06,1.0,13.82,120026.0,160565.0,1721964.0,7.69,1885718.0,8.42,-163754.0,-0.73,-627073.0,-2.8,-1094891.0,-4.89,1000.0,0.801,0.802,555014000.0,445121228,445121228,2024-07-26,2024-07-26 16:11:56+08:00
279,159780,双创ETF,0.447,0.4465,-0.11,0.005,1.13,417632.0,18583412.433,0.443,0.448,0.441,0.442,1.58,0.59,0.76,11.28,219982.0,197650.0,-82141.0,-0.44,300335.0,1.62,-382476.0,-2.06,45414.0,0.24,36726.0,0.2,1563.0,0.446,0.447,7098048512.0,3172827685,3172827685,2024-07-26,2024-07-26 15:34:36+08:00
280,159987,科技创新ETF,1.074,1.0736,-0.04,0.012,1.13,733.0,78529.2,1.068,1.074,1.065,1.062,0.85,0.22,0.1,-29.5,683.0,50.0,-32451.0,-41.32,0.0,0.0,-32451.0,-41.32,21440.0,27.3,11012.0,14.02,100.0,1.072,1.074,33457627.0,35933491,35933491,2024-07-26,2024-07-26 15:34:21+08:00
281,159783,科创创业50ETF,0.448,0.4472,-0.18,0.005,1.13,534787.0,23886533.176,0.444,0.45,0.443,0.443,1.58,0.56,0.93,-16.68,311168.0,223620.0,133939.0,0.56,-3872827.0,-16.21,4006766.0,16.77,-160440.0,-0.67,26501.0,0.11,1463.0,0.447,0.448,9476659456.0,4245543436,4245543436,2024-07-26,2024-07-26 15:34:12+08:00
282,515590,500等权ETF,1.167,1.1706,0.31,0.013,1.13,5768.0,673910.0,1.165,1.169,1.162,1.154,0.61,2.21,0.08,-11.98,2.0,5766.0,-4074.0,-0.6,-253205.0,-37.57,249131.0,36.97,0.0,0.0,4075.0,0.6,-1717.0,1.167,1.169,26113700.0,30474688,30474688,2024-07-26,2024-07-26 16:11:34+08:00
283,159943,深证成指ETF,0.909,0.9098,0.09,0.01,1.11,161872.0,14688590.4,0.899,0.911,0.899,0.899,1.33,7.42,0.97,-57.44,104495.0,57377.0,1891981.0,12.88,1993985.0,13.58,-102004.0,-0.69,-1088050.0,-7.41,-803931.0,-5.47,1111.0,0.908,0.909,218229922.0,198370999,198370999,2024-07-26,2024-07-26 15:34:36+08:00
284,159566,储能电池ETF,1.102,1.0966,-0.49,0.012,1.1,12180.0,1338617.9,1.091,1.11,1.091,1.09,1.74,2.92,0.75,57.06,6918.0,5262.0,-261560.0,-19.54,0.0,0.0,-261560.0,-19.54,224502.0,16.77,37058.0,2.77,-129.0,1.102,1.105,41739776.0,45997233,45997233,2024-07-26,2024-07-26 15:34:42+08:00
285,515060,房地产ETF基金,0.554,0.5535,-0.09,0.006,1.09,304225.0,16891530.0,0.55,0.56,0.548,0.548,2.19,4.18,1.04,-8.65,191499.0,112726.0,-73382.0,-0.43,-317688.0,-1.88,244306.0,1.45,61297.0,0.36,12084.0,0.07,130.0,0.553,0.554,727478096.0,403022865,403022865,2024-07-26,2024-07-26 16:11:41+08:00
286,159851,金融科技ETF,0.74,0.7392,-0.11,0.008,1.09,181202.0,13384162.8,0.729,0.744,0.727,0.732,2.32,4.72,0.77,-66.41,94043.0,87159.0,165329.0,1.24,1112500.0,8.31,-947171.0,-7.08,-366007.0,-2.73,200679.0,1.5,175.0,0.739,0.74,383952080.0,284124539,284124539,2024-07-26,2024-07-26 15:34:48+08:00
287,159741,恒生科技ETF基金,0.464,0.4633,-0.15,0.005,1.09,1255329.0,58135063.57,0.463,0.466,0.459,0.459,1.53,11.56,1.2,-29.93,679274.0,576055.0,375329.0,0.65,3291469.0,5.66,-2916140.0,-5.02,-271072.0,-0.47,-104258.0,-0.18,12981.0,0.463,0.464,1085796720.0,503809678,503809678,2024-07-26,2024-07-26 15:34:45+08:00
288,159740,恒生科技ETF,0.466,0.4607,-1.15,0.005,1.08,5766648.0,267952619.364,0.464,0.468,0.461,0.461,1.52,9.65,1.01,-19.81,3114340.0,2652308.0,-842422.0,-0.31,6936272.0,2.59,-7778694.0,-2.9,-93493.0,-0.03,935916.0,0.35,71272.0,0.465,0.466,5973120512.0,2783474159,2783474159,2024-07-26,2024-07-26 15:34:42+08:00
289,510570,兴业中证500ETF,0.748,0.749,0.13,0.008,1.08,430.0,32023.0,0.742,0.75,0.742,0.74,1.08,0.13,1.13,-87.71,13.0,417.0,31122.0,97.19,0.0,0.0,31122.0,97.19,-14880.0,-46.47,-16242.0,-50.72,-7.0,0.669,0.75,33060600.0,24729329,24729329,2024-07-26,2024-07-26 16:11:46+08:00
290,516120,化工50ETF,0.562,0.5629,0.16,0.006,1.08,208759.0,11738171.0,0.556,0.567,0.556,0.556,1.98,6.8,1.11,-72.63,116481.0,92278.0,-349190.0,-2.97,-1686000.0,-14.36,1336810.0,11.39,114998.0,0.98,234192.0,2.0,-314.0,0.562,0.563,307082000.0,172580084,172580084,2024-07-26,2024-07-26 16:11:56+08:00
291,517850,张江ETF,0.657,0.6599,0.44,0.007,1.08,4033.0,265073.0,0.653,0.66,0.649,0.65,1.69,0.44,0.06,-4.18,2567.0,1466.0,99273.0,37.45,0.0,0.0,99273.0,37.45,-104582.0,-39.45,5310.0,2.0,-267.0,0.658,0.661,92185200.0,60565676,60565676,2024-07-26,2024-07-26 16:12:01+08:00
292,510590,中证500ETF平安,4.918,4.9207,0.05,0.052,1.07,8095.0,3973909.0,4.903,4.932,4.885,4.866,0.97,0.55,1.87,14.49,5028.0,3067.0,94512.0,2.38,0.0,0.0,94512.0,2.38,-173728.0,-4.37,79216.0,1.99,1.0,4.921,4.925,147586100.0,725828440,725828440,2024-07-26,2024-07-26 16:11:57+08:00
293,513580,恒生科技ETF指数基金,0.473,0.4641,-1.92,0.005,1.07,2086924.0,98625234.0,0.472,0.476,0.468,0.468,1.71,6.51,1.16,-20.5,1049936.0,1036988.0,831560.0,0.84,2678723.0,2.72,-1847163.0,-1.87,-867543.0,-0.88,35983.0,0.04,214.0,0.472,0.473,3207118000.0,1516966814,1516966814,2024-07-26,2024-07-26 16:11:53+08:00
294,515750,科技50ETF,1.044,1.0412,-0.27,0.011,1.06,37511.0,3893849.0,1.03,1.047,1.028,1.033,1.84,0.69,0.7,1.43,23124.0,14387.0,-120408.0,-3.09,96217.0,2.47,-216625.0,-5.56,28693.0,0.74,91716.0,2.36,50.0,1.043,1.044,541140496.0,564950678,564950678,2024-07-26,2024-07-26 16:11:43+08:00
295,159971,创业板ETF富国,1.143,1.1422,-0.07,0.012,1.06,59865.0,6835330.2,1.131,1.149,1.13,1.131,1.68,0.38,0.71,27.11,31165.0,28700.0,156886.0,2.3,0.0,0.0,156886.0,2.3,-143662.0,-2.1,-13225.0,-0.19,-9.0,1.143,1.144,1588010144.0,1815095595,1815095595,2024-07-26,2024-07-26 15:34:27+08:00
296,561500,漂亮50ETF,0.576,0.5745,-0.26,0.006,1.05,19149.0,1100156.0,0.57,0.577,0.57,0.57,1.23,1.67,0.9,-0.05,12177.0,6972.0,-30503.0,-2.77,-299628.0,-27.24,269125.0,24.46,30524.0,2.77,-20.0,0.0,2.0,0.576,0.577,114600300.0,66009773,66009773,2024-07-26,2024-07-26 16:11:52+08:00
297,159562,黄金股ETF,1.255,1.2521,-0.23,0.013,1.05,234496.0,29373879.0,1.226,1.261,1.226,1.242,2.82,7.84,0.89,-2.93,121926.0,112570.0,-1671482.0,-5.69,149292.0,0.51,-1820774.0,-6.2,1927497.0,6.56,-256014.0,-0.87,601.0,1.254,1.255,299130512.0,375408793,375408793,2024-07-26,2024-07-26 15:34:21+08:00
298,159717,ESGETF,0.775,0.772,-0.39,0.008,1.04,21093.0,1625159.3,0.762,0.775,0.755,0.767,2.61,3.35,0.74,-9.41,10337.0,10756.0,99520.0,6.12,0.0,0.0,99520.0,6.12,-99702.0,-6.13,183.0,0.01,1.0,0.768,0.775,62873183.0,48726717,48726717,2024-07-26,2024-07-26 15:35:00+08:00
299,513010,恒生科技30ETF,0.487,0.4836,-0.7,0.005,1.04,7890704.0,383917195.0,0.485,0.49,0.482,0.482,1.66,6.76,0.91,-43.14,3983022.0,3907682.0,3656305.0,0.95,25763292.0,6.71,-22106987.0,-5.76,-4035155.0,-1.05,378849.0,0.1,-207.0,0.487,0.488,11678307072.0,5687335544,5687335544,2024-07-26,2024-07-26 16:11:56+08:00
300,159619,基建ETF,0.878,0.878,0.0,0.009,1.04,210557.0,18418916.9,0.871,0.882,0.869,0.869,1.5,10.08,1.06,-12.22,105349.0,105208.0,-116463.0,-0.63,109049.0,0.59,-225512.0,-1.22,15896.0,0.09,100567.0,0.55,101.0,0.876,0.878,208981007.0,183485324,183485324,2024-07-26,2024-07-26 15:34:36+08:00
301,560060,碳中和ETF,0.683,0.683,0.0,0.007,1.04,17101.0,1169165.0,0.681,0.685,0.679,0.676,0.89,0.45,0.75,-11.52,6360.0,10741.0,-2978.0,-0.25,0.0,0.0,-2978.0,-0.25,-20574.0,-1.76,23552.0,2.01,1.0,0.682,0.685,382090000.0,260967470,260967470,2024-07-26,2024-07-26 16:11:43+08:00
302,159553,2000ETF增强,0.879,0.8844,0.61,0.009,1.03,367.0,32100.1,0.87,0.882,0.87,0.87,1.38,0.36,0.16,-67.22,264.0,103.0,20524.0,63.94,0.0,0.0,20524.0,63.94,0.0,0.0,-20524.0,-63.94,-1.0,0.881,0.882,10326751.0,9077214,9077214,2024-07-26,2024-07-26 15:34:18+08:00
303,515580,科技100ETF,0.693,0.6921,-0.13,0.007,1.02,139110.0,9607807.0,0.684,0.694,0.684,0.686,1.46,2.28,0.67,-21.08,72458.0,66652.0,112559.0,1.17,-277720.0,-2.89,390279.0,4.06,-105723.0,-1.1,-6836.0,-0.07,100.0,0.692,0.693,610031408.0,422751766,422751766,2024-07-26,2024-07-26 16:11:42+08:00
304,513310,中韩半导体ETF,1.288,1.2975,0.73,0.013,1.02,1912441.0,245672251.0,1.281,1.29,1.278,1.275,0.94,29.72,0.92,-28.64,984613.0,927828.0,12284562.0,5.0,21397182.0,8.71,-9112620.0,-3.71,-14929051.0,-6.08,2644490.0,1.08,27.0,1.287,1.288,643427008.0,828733986,828733986,2024-07-26,2024-07-26 16:11:32+08:00
305,563330,A股ETF,0.892,0.8933,0.15,0.009,1.02,145550.0,12966725.0,0.883,0.894,0.883,0.883,1.25,11.08,1.04,-3.07,72118.0,73432.0,-1547524.0,-11.93,0.0,0.0,-1547524.0,-11.93,1498323.0,11.56,49200.0,0.38,33.0,0.891,0.892,131421000.0,117227532,117227532,2024-07-26,2024-07-26 16:11:54+08:00
306,510550,方正中证500ETF,1.193,1.2,0.58,0.012,1.02,550.0,65764.0,1.189,1.198,1.189,1.181,0.76,0.35,0.51,-3.29,424.0,126.0,-45289.0,-68.87,0.0,0.0,-45289.0,-68.87,27073.0,41.17,18215.0,27.7,-28.0,1.195,1.2,15743300.0,18781757,18781757,2024-07-26,2024-07-26 16:11:41+08:00
307,159961,深100ETF方正富邦,1.392,1.3949,0.21,0.014,1.02,32414.0,4507005.1,1.39,1.397,1.382,1.378,1.09,0.93,0.78,-74.05,15054.0,17360.0,23808.0,0.53,0.0,0.0,23808.0,0.53,-34880.0,-0.77,11072.0,0.25,35.0,1.378,1.392,347245200.0,483365318,483365318,2024-07-26,2024-07-26 15:34:18+08:00
308,159918,中创400ETF,1.394,1.3984,0.31,0.014,1.01,87.0,12149.8,1.396,1.397,1.394,1.38,0.22,0.03,0.42,61.28,2.0,85.0,0.0,0.0,0.0,0.0,0.0,0.0,1819.0,14.97,-1819.0,-14.97,-1.0,1.38,1.408,34561264.0,48178402,48178402,2024-07-26,2024-07-26 15:34:54+08:00
309,562560,信息技术ETF,0.996,0.9957,-0.03,0.01,1.01,572.0,56619.0,0.988,1.0,0.984,0.986,1.62,0.37,0.1,-0.59,372.0,200.0,-55618.0,-98.23,0.0,0.0,-55618.0,-98.23,19920.0,35.18,35698.0,63.05,200.0,0.994,0.997,15265500.0,15204438,15204438,2024-07-26,2024-07-26 16:12:00+08:00
310,159776,港股通医药ETF,0.698,0.7005,0.36,0.007,1.01,114554.0,7986738.8,0.693,0.7,0.691,0.691,1.3,6.66,1.0,-26.24,62009.0,52545.0,64798.0,0.81,356000.0,4.46,-291202.0,-3.65,-95584.0,-1.2,30785.0,0.39,1420.0,0.696,0.698,171968765.0,120034198,120034198,2024-07-26,2024-07-26 15:34:30+08:00
311,513260,恒生科技ETF基金,0.903,0.9032,0.02,0.009,1.01,670903.0,60507928.0,0.899,0.909,0.894,0.894,1.68,6.91,1.21,-77.71,372036.0,298867.0,2562235.0,4.23,2002560.0,3.31,559675.0,0.92,-2608507.0,-4.31,46271.0,0.08,50.0,0.902,0.903,971243008.0,877032436,877032436,2024-07-26,2024-07-26 16:11:41+08:00
312,159976,湾创ETF,0.903,0.9045,0.17,0.009,1.01,5252.0,472671.0,0.906,0.906,0.899,0.894,0.78,0.47,0.93,0.17,3199.0,2053.0,4682.0,0.99,0.0,0.0,4682.0,0.99,119.0,0.03,-4801.0,-1.02,-599.0,0.903,0.905,110885872.0,100129942,100129942,2024-07-26,2024-07-26 15:34:33+08:00
313,159570,港股通创新药ETF,0.803,0.8083,0.66,0.008,1.01,282446.0,22735443.1,0.803,0.812,0.8,0.795,1.51,8.7,0.92,-4.14,139815.0,142631.0,811411.0,3.57,459213.0,2.02,352198.0,1.55,-129182.0,-0.57,-682229.0,-3.0,1843.0,0.802,0.803,324597136.0,260651500,260651500,2024-07-26,2024-07-26 15:34:27+08:00
314,159642,碳中和100ETF,0.703,0.7033,0.04,0.007,1.01,3832.0,268187.001,0.699,0.705,0.699,0.696,0.86,0.26,0.26,85.51,982.0,2850.0,-10837.0,-4.04,0.0,0.0,-10837.0,-4.04,-25594.0,-9.54,36430.0,13.58,3.0,0.698,0.705,148439923.0,104353266,104353266,2024-07-26,2024-07-26 15:34:57+08:00
315,159676,创业板增强ETF富国,0.705,0.7054,0.06,0.007,1.0,27211.0,1915421.304,0.702,0.707,0.7,0.698,1.0,0.5,0.57,12.9,13633.0,13578.0,-241232.0,-12.59,0.0,0.0,-241232.0,-12.59,201550.0,10.52,39682.0,2.07,-629.0,0.705,0.706,540564176.0,381097744,381097744,2024-07-26,2024-07-26 15:34:30+08:00
316,159681,创50ETF,0.706,0.7053,-0.1,0.007,1.0,153185.0,10803989.4,0.703,0.71,0.7,0.699,1.43,1.59,0.87,39.56,69669.0,83516.0,-186016.0,-1.72,-18600.0,-0.17,-167416.0,-1.55,223480.0,2.07,-37464.0,-0.35,853.0,0.704,0.706,963772336.0,680423269,680423269,2024-07-26,2024-07-26 15:34:33+08:00
317,513970,恒生消费ETF,0.707,0.7005,-0.93,0.007,1.0,164233.0,11583572.0,0.703,0.711,0.701,0.7,1.43,6.49,0.88,57.92,91447.0,72786.0,-221640.0,-1.91,594221.0,5.13,-815861.0,-7.04,17275.0,0.15,204365.0,1.76,10.0,0.706,0.707,253041000.0,178899987,178899987,2024-07-26,2024-07-26 16:11:43+08:00
318,159613,信息安全ETF,0.609,0.6074,-0.26,0.006,1.0,29181.0,1766666.8,0.603,0.609,0.599,0.603,1.66,2.52,0.56,-46.34,17899.0,11282.0,2337.0,0.13,0.0,0.0,2337.0,0.13,16211.0,0.92,-18547.0,-1.05,-1768.0,0.609,0.61,115590217.0,70394442,70394442,2024-07-26,2024-07-26 15:34:48+08:00
319,516800,智能制造ETF,0.819,0.8176,-0.17,0.008,0.99,56661.0,4616379.0,0.811,0.821,0.809,0.811,1.48,2.37,0.95,-12.96,31202.0,25459.0,-190214.0,-4.12,0.0,0.0,-190214.0,-4.12,113808.0,2.47,76406.0,1.66,6.0,0.818,0.819,239154000.0,195867126,195867126,2024-07-26,2024-07-26 16:11:40+08:00
320,159616,农牧ETF,0.616,0.6175,0.24,0.006,0.98,39491.0,2428339.105,0.605,0.618,0.605,0.61,2.13,3.67,0.61,-82.1,22199.0,17292.0,103934.0,4.28,96358.0,3.97,7576.0,0.31,-49660.0,-2.05,-54275.0,-2.24,-10.0,0.613,0.617,107561112.0,66257645,66257645,2024-07-26,2024-07-26 15:34:51+08:00
321,159949,创业板50ETF,0.719,0.7184,-0.08,0.007,0.98,4690967.0,336786947.992,0.714,0.724,0.713,0.712,1.54,2.18,1.04,-4.93,2615778.0,2075189.0,4388926.0,1.3,6474809.0,1.92,-2085883.0,-0.62,333332.0,0.1,-4722259.0,-1.4,54028.0,0.718,0.719,21544785152.0,15490700524,15490700524,2024-07-26,2024-07-26 15:34:45+08:00
322,159892,恒生医药ETF,0.411,0.4105,-0.12,0.004,0.98,3580395.0,147284232.8,0.41,0.414,0.409,0.407,1.23,5.17,0.8,-22.77,1969221.0,1611174.0,-358955.0,-0.24,1899331.0,1.29,-2258286.0,-1.53,-1247022.0,-0.85,1605977.0,1.09,-39447.0,0.411,0.412,6920265984.0,2844229319,2844229319,2024-07-26,2024-07-26 15:34:24+08:00
323,516000,数据ETF,0.619,0.6189,-0.02,0.006,0.98,39054.0,2409043.0,0.613,0.621,0.611,0.613,1.63,1.83,0.57,-7.3,15928.0,23126.0,-321327.0,-13.34,-23880.0,-0.99,-297447.0,-12.35,193733.0,8.04,127594.0,5.3,-10.0,0.619,0.62,212855000.0,131757245,131757245,2024-07-26,2024-07-26 16:11:39+08:00
324,513860,港股通科技ETF,0.414,0.4111,-0.71,0.004,0.98,1235657.0,51077335.0,0.412,0.416,0.411,0.41,1.22,7.18,1.14,-23.64,726153.0,509504.0,1118657.0,2.19,2030145.0,3.97,-911488.0,-1.78,-1121611.0,-2.2,2954.0,0.01,1551.0,0.413,0.414,1721470608.0,712688832,712688832,2024-07-26,2024-07-26 16:11:39+08:00
325,159807,科技ETF,0.414,0.414,0.0,0.004,0.98,315143.0,12996132.456,0.41,0.415,0.409,0.41,1.46,2.37,1.18,-93.64,202395.0,112748.0,-545712.0,-4.2,-1752583.0,-13.49,1206871.0,9.29,451248.0,3.47,94466.0,0.73,2064.0,0.413,0.414,1330051424.0,550641290,550641290,2024-07-26,2024-07-26 15:34:24+08:00
326,159956,创业板ETF建信,1.037,1.0389,0.18,0.01,0.97,2590.0,267602.9,1.027,1.043,1.019,1.027,2.34,0.36,0.47,75.18,468.0,2122.0,-11564.0,-4.32,0.0,0.0,-11564.0,-4.32,-31121.0,-11.63,42685.0,15.95,4.0,1.027,1.043,70978674.0,73604885,73604885,2024-07-26,2024-07-26 15:34:15+08:00
327,159875,新能源ETF,0.415,0.4152,0.05,0.004,0.97,431204.0,17879257.4,0.412,0.417,0.411,0.411,1.46,2.02,0.78,-31.94,245099.0,186105.0,294950.0,1.65,1789921.0,10.01,-1494971.0,-8.36,-231469.0,-1.29,-63481.0,-0.36,1372.0,0.414,0.415,2133162896.0,885262602,885262602,2024-07-26,2024-07-26 15:34:42+08:00
328,588450,科创50ETF增强,0.935,0.9351,0.01,0.009,0.97,12196.0,1138238.0,0.931,0.938,0.924,0.926,1.51,1.19,0.28,1.18,5200.0,6996.0,121374.0,10.66,0.0,0.0,121374.0,10.66,-172144.0,-15.12,50770.0,4.46,-465.0,0.934,0.936,102568700.0,95901735,95901735,2024-07-26,2024-07-26 16:11:43+08:00
329,512200,房地产ETF,0.416,0.4172,0.29,0.004,0.97,2957318.0,123172847.0,0.412,0.422,0.412,0.412,2.43,2.99,0.89,-11.23,1336586.0,1620732.0,8427663.0,6.84,12451356.0,10.11,-4023693.0,-3.27,-7109901.0,-5.77,-1317762.0,-1.07,-1.0,0.416,0.417,9888376064.0,4113564443,4113564443,2024-07-26,2024-07-26 16:11:43+08:00
330,588280,科创50ETF指数基金,0.522,0.5216,-0.08,0.005,0.97,69655.0,3619173.0,0.518,0.523,0.515,0.517,1.55,1.51,0.47,-40.23,38049.0,31606.0,-418883.0,-11.57,-14309.0,-0.4,-404574.0,-11.18,338215.0,9.35,80669.0,2.23,35.0,0.52,0.522,460121008.0,240183166,240183166,2024-07-26,2024-07-26 16:11:36+08:00
331,516860,金融科技ETF,0.629,0.6313,0.36,0.006,0.96,61774.0,3892463.0,0.623,0.636,0.623,0.623,2.09,4.22,0.52,3.68,37324.0,24450.0,-12416.0,-0.32,63.0,0.0,-12479.0,-0.32,-53850.0,-1.38,66266.0,1.7,-200.0,0.629,0.63,146522000.0,92162338,92162338,2024-07-26,2024-07-26 16:11:53+08:00
332,516480,新材料ETF基金,0.526,0.5275,0.28,0.005,0.96,238.0,12487.0,0.524,0.526,0.524,0.521,0.38,0.1,0.04,20.34,162.0,76.0,4612.0,36.93,0.0,0.0,4612.0,36.93,0.0,0.0,-4612.0,-36.93,5.0,0.523,0.528,23146100.0,12174849,12174849,2024-07-26,2024-07-26 16:11:41+08:00
333,159752,新能源龙头ETF,0.421,0.4209,-0.02,0.004,0.96,140534.0,5912983.0,0.418,0.424,0.418,0.417,1.44,2.0,0.96,30.63,48810.0,91724.0,-433500.0,-7.33,595497.0,10.07,-1028997.0,-17.4,405403.0,6.86,28098.0,0.48,-802.0,0.421,0.422,700958912.0,295103702,295103702,2024-07-26,2024-07-26 15:34:54+08:00
334,588050,科创ETF,0.743,0.7432,0.03,0.007,0.95,1070806.0,79296299.0,0.74,0.746,0.733,0.736,1.77,0.94,0.71,40.28,566494.0,504312.0,-2266119.0,-2.86,-1462976.0,-1.84,-803143.0,-1.01,1410476.0,1.78,855643.0,1.08,611.0,0.742,0.743,11347241216.0,8431000223,8431000223,2024-07-26,2024-07-26 16:11:32+08:00
335,515150,一带一路ETF,1.169,1.1684,-0.05,0.011,0.95,72449.0,8437909.0,1.164,1.169,1.16,1.158,0.78,1.29,0.95,9.02,35993.0,36456.0,590928.0,7.0,0.0,0.0,590928.0,7.0,-647328.0,-7.67,56399.0,0.67,1000.0,1.167,1.169,563703200.0,658969041,658969041,2024-07-26,2024-07-26 16:11:35+08:00
336,159636,港股通科技30ETF,0.744,0.7437,-0.04,0.007,0.95,570226.0,42358433.7,0.739,0.748,0.737,0.737,1.49,1.71,1.24,-16.35,304065.0,266161.0,-2493365.0,-5.89,835648.0,1.97,-3329013.0,-7.86,2805868.0,6.62,-312502.0,-0.74,3239.0,0.743,0.744,3341250608.0,2485890452,2485890452,2024-07-26,2024-07-26 15:34:51+08:00
337,159957,创业板100ETF华夏,1.073,1.0727,-0.03,0.01,0.94,13574.0,1457356.5,1.069,1.078,1.064,1.063,1.32,0.05,0.22,-5.45,6786.0,6788.0,334273.0,22.94,0.0,0.0,334273.0,22.94,-364349.0,-25.0,30076.0,2.06,177.0,1.071,1.074,2469784560.0,2650078833,2650078833,2024-07-26,2024-07-26 15:34:15+08:00
338,159792,港股通互联网ETF,0.539,0.5375,-0.28,0.005,0.94,8905760.0,478006414.9,0.538,0.541,0.531,0.534,1.87,4.19,1.25,-2.57,4642516.0,4263244.0,-27911425.0,-5.84,-42356816.0,-8.86,14445391.0,3.02,22006909.0,4.6,5904527.0,1.24,199549.0,0.538,0.539,21242855168.0,11449898936,11449898936,2024-07-26,2024-07-26 15:34:42+08:00
339,516160,新能源ETF,0.54,0.5404,0.07,0.005,0.93,1534063.0,82736668.0,0.533,0.543,0.533,0.535,1.87,1.68,0.94,-33.66,895264.0,638799.0,2562738.0,3.1,-4481742.0,-5.42,7044480.0,8.51,-1508118.0,-1.82,-1054619.0,-1.27,440.0,0.539,0.54,9133804032.0,4932254177,4932254177,2024-07-26,2024-07-26 16:11:34+08:00
340,159856,互联网龙头ETF,0.433,0.4332,0.05,0.004,0.93,33694.0,1454230.9,0.431,0.435,0.429,0.429,1.4,0.53,0.71,-7.38,15550.0,18144.0,-71083.0,-4.89,0.0,0.0,-71083.0,-4.89,45634.0,3.14,25450.0,1.75,-1227.0,0.433,0.434,630372480.0,272951284,272951284,2024-07-26,2024-07-26 15:35:03+08:00
341,513960,港股通消费ETF,0.975,0.9704,-0.47,0.009,0.93,32990.0,3217843.0,0.971,0.98,0.969,0.966,1.14,8.93,1.05,-1.75,19098.0,13892.0,-302531.0,-9.4,35733.0,1.11,-338264.0,-10.51,348825.0,10.84,-46293.0,-1.44,-12.0,0.974,0.975,36932300.0,36008993,36008993,2024-07-26,2024-07-26 16:11:53+08:00
342,159747,香港科技ETF,0.87,0.8754,0.62,0.008,0.93,407546.0,35414840.5,0.866,0.874,0.863,0.862,1.28,12.95,0.99,-39.07,224103.0,183443.0,1484689.0,4.19,628592.0,1.77,856097.0,2.42,-1494705.0,-4.22,10015.0,0.03,1165.0,0.869,0.87,314712272.0,273799677,273799677,2024-07-26,2024-07-26 15:34:18+08:00
343,513150,港股通科技50ETF,0.653,0.6466,-0.99,0.006,0.93,80433.0,5256333.0,0.652,0.657,0.649,0.647,1.24,4.31,0.92,6.84,38881.0,41552.0,206896.0,3.94,-312559.0,-5.95,519455.0,9.88,-246158.0,-4.68,39262.0,0.75,3.0,0.652,0.653,186559800.0,121823549,121823549,2024-07-26,2024-07-26 16:11:57+08:00
344,513560,香港科技ETF,0.766,0.7672,0.16,0.007,0.92,9966.0,762644.0,0.759,0.77,0.759,0.759,1.45,0.73,0.5,-7.83,4655.0,5311.0,-258354.0,-33.88,0.0,0.0,-258354.0,-33.88,227971.0,29.89,30383.0,3.98,5.0,0.765,0.766,136386000.0,104471676,104471676,2024-07-26,2024-07-26 16:11:56+08:00
345,159952,创业板ETF广发,0.993,0.9928,-0.02,0.009,0.91,1239547.0,122888116.4,0.985,0.999,0.984,0.984,1.52,1.93,0.73,2.15,494208.0,745339.0,9938788.0,8.09,31811721.0,25.89,-21872933.0,-17.8,-9562623.0,-7.78,-376165.0,-0.31,3932.0,0.992,0.993,6425485056.0,6380506661,6380506661,2024-07-26,2024-07-26 15:34:09+08:00
346,159781,科创创业ETF,0.443,0.4426,-0.09,0.004,0.91,672658.0,29703734.852,0.44,0.445,0.437,0.439,1.82,0.44,0.7,-39.02,394980.0,277678.0,-1254911.0,-4.22,-1890012.0,-6.36,635101.0,2.14,1166393.0,3.93,88519.0,0.3,2538.0,0.442,0.443,15385860608.0,6815936249,6815936249,2024-07-26,2024-07-26 15:34:09+08:00
347,510770,G60创新ETF,0.444,0.4451,0.25,0.004,0.91,36274.0,1603191.0,0.444,0.444,0.439,0.44,1.14,8.22,0.82,-99.89,22212.0,14062.0,-136730.0,-8.53,-547441.0,-34.15,410711.0,25.62,125470.0,7.83,11259.0,0.7,15.0,0.443,0.444,44110700.0,19585151,19585151,2024-07-26,2024-07-26 16:11:56+08:00
