,代码,名称,最新价,IOPV实时估值,基金折价率,涨跌额,涨跌幅,成交量,成交额,开盘价,最高价,最低价,昨收,振幅,换手率,量比,委比,外盘,内盘,主力净流入-净额,主力净流入-净占比,超大单净流入-净额,超大单净流入-净占比,大单净流入-净额,大单净流入-净占比,中单净流入-净额,中单净流入-净占比,小单净流入-净额,小单净流入-净占比,现手,买一,卖一,最新份额,流通市值,总市值,数据日期,更新时间
0,588500,科创100ETF增强,1.035,0.9688,-6.83,0.109,11.77,8364.0,796716.0,0.924,1.05,0.918,0.926,14.25,4.05,1.44,49.08,3856.0,4508.0,331842.0,41.65,0.0,0.0,331842.0,41.65,-144722.0,-18.16,-187121.0,-23.49,-10.0,1.036,1.05,20647000.0,21369645,21369645,2024-09-26,2024-09-26 15:00:40+08:00
1,159745,建材ETF,0.545,0.5295,-2.93,0.05,10.1,912890.0,47158923.1,0.495,0.545,0.493,0.495,10.51,8.03,1.75,57.1,560690.0,352200.0,3915033.0,8.3,10526640.0,22.32,-6611607.0,-14.02,-1622423.0,-3.44,-2292611.0,-4.86,20288.0,0.544,0.545,1136688272.0,619495108,619495108,2024-09-26,2024-09-26 15:00:06+08:00
2,515710,食品ETF,0.591,0.5857,-0.9,0.054,10.06,833495.0,47022173.0,0.537,0.591,0.537,0.537,10.06,6.6,2.11,100.0,543114.0,290381.0,8772664.0,18.66,10899771.0,23.18,-2127107.0,-4.52,-4925098.0,-10.47,-3847565.0,-8.18,-1000.0,0.591,,1262599808.0,746196487,746196487,2024-09-26,2024-09-26 15:00:42+08:00
3,515170,食品饮料ETF,0.559,0.5509,-1.47,0.051,10.04,2845826.0,151979852.0,0.507,0.559,0.506,0.508,10.43,6.22,2.03,100.0,1777214.0,1068612.0,37579846.0,24.73,36512554.0,24.02,1067292.0,0.7,-24748591.0,-16.28,-12831256.0,-8.44,-11.0,0.559,,4573757952.0,2556730695,2556730695,2024-09-26,2024-09-26 15:00:42+08:00
4,159931,金融ETF,1.713,1.6252,-5.4,0.156,10.02,30558.0,4867124.2,1.559,1.713,1.545,1.557,10.79,9.75,2.01,100.0,18953.0,11605.0,4895.0,0.1,0.0,0.0,4895.0,0.1,409065.0,8.4,-413959.0,-8.51,-758.0,1.713,,31328511.0,53665739,53665739,2024-09-26,2024-09-26 15:00:06+08:00
5,512600,必选消费ETF,0.67,0.6562,-2.1,0.061,10.02,342928.0,21783031.0,0.612,0.67,0.609,0.609,10.02,6.53,2.07,100.0,168469.0,174459.0,-2822684.0,-12.96,-230420.0,-1.06,-2592264.0,-11.9,2045689.0,9.39,776994.0,3.57,-30.0,0.67,,524756096.0,351586584,351586584,2024-09-26,2024-09-26 15:00:42+08:00
6,512200,房地产ETF,1.395,1.3683,-1.95,0.127,10.02,4911019.0,659698156.0,1.254,1.395,1.254,1.268,11.12,13.48,2.04,100.0,2702893.0,2208125.0,16112413.0,2.44,-12356181.0,-1.87,28468594.0,4.32,6118023.0,0.93,-22230438.0,-3.37,-18.0,1.395,,3644347904.0,5083865326,5083865326,2024-09-26,2024-09-26 15:00:43+08:00
7,510630,消费30ETF,0.902,0.8841,-2.02,0.082,10.0,402688.0,34820208.0,0.82,0.902,0.816,0.82,10.49,15.29,3.0,73.07,224176.0,178512.0,-1065628.0,-3.06,-438825.0,-1.26,-626803.0,-1.8,1507750.0,4.33,-442123.0,-1.27,117.0,0.901,0.902,263361500.0,237552073,237552073,2024-09-26,2024-09-26 15:00:41+08:00
8,159689,消费ETF南方,0.748,0.733,-2.05,0.068,10.0,93716.0,6613721.0,0.686,0.748,0.683,0.68,9.56,12.64,1.97,100.0,44408.0,49308.0,119562.0,1.81,2097020.0,31.71,-1977458.0,-29.9,16481.0,0.25,-136043.0,-2.06,-10.0,0.748,,74147787.0,55462545,55462545,2024-09-26,2024-09-26 15:00:06+08:00
9,159707,地产ETF,0.628,0.6175,-1.7,0.057,9.98,1277882.0,77094926.002,0.566,0.628,0.561,0.571,11.73,28.65,1.64,100.0,722720.0,555163.0,145565.0,0.19,-1150343.0,-1.49,1295908.0,1.68,913513.0,1.18,-1059076.0,-1.37,-2631.0,0.628,,446048208.0,280118275,280118275,2024-09-26,2024-09-26 15:00:06+08:00
10,159736,饮食ETF,0.673,0.6626,-1.57,0.061,9.97,369216.0,23793704.0,0.617,0.673,0.612,0.612,9.97,0.54,0.83,100.0,202941.0,166275.0,368515.0,1.55,4566798.0,19.19,-4198283.0,-17.64,260846.0,1.1,-629360.0,-2.65,-110.0,0.673,,6888394496.0,4635889496,4635889496,2024-09-26,2024-09-26 15:00:06+08:00
11,159843,食品饮料ETF,0.629,0.6223,-1.08,0.057,9.97,393920.0,23760598.6,0.572,0.629,0.572,0.572,9.97,13.4,1.71,100.0,230627.0,163293.0,1784054.0,7.51,2365010.0,9.95,-580956.0,-2.45,-331827.0,-1.4,-1452227.0,-6.11,-826.0,0.629,,293955136.0,184897781,184897781,2024-09-26,2024-09-26 15:00:06+08:00
12,159768,房地产ETF,0.563,0.5548,-1.48,0.051,9.96,1435236.0,77400479.341,0.505,0.563,0.502,0.512,11.91,28.54,2.6,100.0,914738.0,520498.0,-1310390.0,-1.69,-6260141.0,-8.09,4949751.0,6.39,2218758.0,2.87,-908367.0,-1.17,-1081.0,0.563,,502950304.0,283161021,283161021,2024-09-26,2024-09-26 15:00:06+08:00
13,159672,主要消费ETF,0.751,0.7329,-2.47,0.068,9.96,91563.0,6588620.0,0.689,0.751,0.68,0.683,10.4,9.75,2.36,100.0,67767.0,23796.0,-260064.0,-3.95,502607.0,7.63,-762671.0,-11.58,308498.0,4.68,-48434.0,-0.74,-180.0,0.751,,93887409.0,70509444,70509444,2024-09-26,2024-09-26 15:00:06+08:00
14,515060,房地产ETF基金,0.663,0.6505,-1.92,0.06,9.95,1152904.0,73257719.0,0.594,0.663,0.594,0.603,11.44,16.51,2.64,100.0,674538.0,478366.0,-2987240.0,-4.08,-11508539.0,-15.71,8521299.0,11.63,2910099.0,3.97,77140.0,0.11,-50.0,0.663,,698478096.0,463090978,463090978,2024-09-26,2024-09-26 15:00:42+08:00
15,159928,消费ETF,0.785,0.7696,-2.0,0.071,9.94,6906529.0,520822915.115,0.712,0.785,0.712,0.714,10.22,6.91,3.4,100.0,4605524.0,2301005.0,-36872693.0,-7.08,-97905388.0,-18.8,61032695.0,11.72,45627160.0,8.76,-8754471.0,-1.68,-88951.0,0.785,,9998629120.0,7848923859,7848923859,2024-09-26,2024-09-26 15:00:06+08:00
16,512690,酒ETF,0.586,0.5882,0.37,0.053,9.94,19871415.0,1114904438.0,0.531,0.586,0.53,0.533,10.51,13.25,2.05,100.0,12513806.0,7357609.0,169872688.0,15.24,141207216.0,12.67,28665472.0,2.57,-92104833.0,-8.26,-77767857.0,-6.98,-1079.0,0.586,,15001650176.0,8790967003,8790967003,2024-09-26,2024-09-26 15:00:42+08:00
17,516900,食品饮料ETF基金,0.598,0.5924,-0.95,0.054,9.93,106657.0,6142395.0,0.543,0.598,0.543,0.544,10.11,28.65,1.97,100.0,74789.0,31868.0,76926.0,1.25,985487.0,16.04,-908561.0,-14.79,124918.0,2.03,-201844.0,-3.29,-61.0,0.598,,37229000.0,22262942,22262942,2024-09-26,2024-09-26 15:00:41+08:00
18,560680,消费ETF龙头,0.856,0.8397,-1.94,0.077,9.88,247706.0,20112979.0,0.786,0.857,0.78,0.779,9.88,56.01,1.37,-33.05,148296.0,99410.0,-1052786.0,-5.23,-1407865.0,-7.0,355079.0,1.77,659466.0,3.28,393320.0,1.96,45.0,0.841,0.856,44225600.0,37857114,37857114,2024-09-26,2024-09-26 15:00:43+08:00
19,516130,消费龙头ETF,0.758,0.7392,-2.54,0.067,9.7,72147.0,5222674.0,0.693,0.76,0.692,0.691,9.84,7.52,2.14,-64.92,50414.0,21733.0,553983.0,10.61,161683.0,3.1,392300.0,7.51,-299637.0,-5.74,-254347.0,-4.87,-20.0,0.756,0.76,95890000.0,72684620,72684620,2024-09-26,2024-09-26 15:00:42+08:00
20,510150,消费ETF,0.499,0.4898,-1.88,0.04,8.71,2056751.0,97496195.0,0.459,0.5,0.459,0.459,8.93,11.09,3.45,59.02,1501672.0,555079.0,4023510.0,4.13,-4559550.0,-4.68,8583060.0,8.8,-1625474.0,-1.67,-2398036.0,-2.46,204.0,0.498,0.499,1855178608.0,925734125,925734125,2024-09-26,2024-09-26 15:00:43+08:00
21,513970,恒生消费ETF,0.825,0.8252,0.02,0.063,8.27,1939463.0,157688622.0,0.765,0.832,0.765,0.762,8.79,80.8,6.89,-9.66,1056060.0,883403.0,-4598886.0,-2.92,-956935.0,-0.61,-3641951.0,-2.31,3094402.0,1.96,1504485.0,0.95,30.0,0.825,0.826,240041000.0,198033825,198033825,2024-09-26,2024-09-26 15:00:41+08:00
22,159699,恒生消费ETF,0.904,0.903,-0.11,0.067,8.0,3007541.0,267117352.335,0.837,0.908,0.837,0.837,8.48,,9.85,-24.87,1570001.0,1437540.0,-12072084.0,-4.52,-26363677.0,-9.87,14291593.0,5.35,11043352.0,4.13,1028732.0,0.39,-6318.0,0.904,0.905,297664256.0,269088487,269088487,2024-09-26,2024-09-26 15:00:06+08:00
23,515650,消费50ETF,1.123,1.1105,-1.13,0.083,7.98,590576.0,63863605.0,1.038,1.124,1.038,1.04,8.27,4.29,1.32,72.55,379068.0,211508.0,5696065.0,8.92,-1282103.0,-2.01,6978168.0,10.93,-549094.0,-0.86,-5146971.0,-8.06,-10.0,1.124,1.125,1377184000.0,1546577632,1546577632,2024-09-26,2024-09-26 15:00:40+08:00
24,159735,港股消费ETF,0.634,0.6314,-0.41,0.045,7.64,573987.0,35517144.6,0.594,0.64,0.594,0.589,7.81,35.53,4.82,16.42,330022.0,243965.0,664253.0,1.87,6460048.0,18.19,-5795795.0,-16.32,60627.0,0.17,-724880.0,-2.04,10695.0,0.633,0.634,161561371.0,102429909,102429909,2024-09-26,2024-09-26 15:00:06+08:00
25,159670,消费ETF基金,0.936,0.928,-0.86,0.066,7.59,37926.0,3439909.4,0.872,0.936,0.872,0.87,7.36,11.96,1.25,79.45,25036.0,12890.0,-718067.0,-20.87,0.0,0.0,-718067.0,-20.87,574940.0,16.71,143127.0,4.16,-582.0,0.936,0.937,31706921.0,29677678,29677678,2024-09-26,2024-09-26 15:00:06+08:00
26,159787,建材ETF易方达,0.585,0.582,-0.52,0.041,7.54,46578.0,2615320.3,0.547,0.585,0.543,0.544,7.72,24.49,1.03,96.34,34869.0,11709.0,-71124.0,-2.72,0.0,0.0,-71124.0,-2.72,93431.0,3.57,-22307.0,-0.85,-10.0,0.585,0.594,19021633.0,11127655,11127655,2024-09-26,2024-09-26 15:00:06+08:00
27,517550,消费ETF沪港深,0.702,0.7044,0.34,0.049,7.5,18974.0,1298571.0,0.668,0.703,0.646,0.653,8.73,5.85,1.27,2.21,11923.0,7051.0,-227588.0,-17.53,-284060.0,-21.87,56472.0,4.35,240318.0,18.51,-12731.0,-0.98,123.0,0.702,0.703,32417400.0,22757015,22757015,2024-09-26,2024-09-26 15:00:43+08:00
28,159520,消费龙头ETF,0.997,0.9915,-0.55,0.069,7.44,75067.0,7214114.6,0.93,1.021,0.93,0.928,9.81,12.69,1.12,99.96,47057.0,28010.0,-500948.0,-6.94,155884.0,2.16,-656832.0,-9.1,324699.0,4.5,176248.0,2.44,4.0,0.995,0.996,59177649.0,59000116,59000116,2024-09-26,2024-09-26 15:00:06+08:00
29,159688,恒生互联网ETF,0.833,0.8364,0.41,0.056,7.21,4024161.0,326855184.692,0.789,0.834,0.786,0.777,6.18,57.96,2.39,12.5,2343939.0,1680222.0,7917085.0,2.42,3247375.0,0.99,4669710.0,1.43,-3615824.0,-1.11,-4301260.0,-1.32,-8916.0,0.833,0.834,694278480.0,578333974,578333974,2024-09-26,2024-09-26 15:00:06+08:00
30,560090,证券指数ETF,1.031,1.012,-1.88,0.069,7.17,533154.0,52167588.0,0.951,1.055,0.944,0.962,11.54,4.14,2.43,-6.94,300731.0,232423.0,-3098147.0,-5.94,-5994427.0,-11.49,2896280.0,5.55,2011539.0,3.86,1086608.0,2.08,-101.0,1.04,1.049,1289365008.0,1329335323,1329335323,2024-09-26,2024-09-26 15:00:42+08:00
31,513770,港股互联网ETF,0.778,0.7755,-0.32,0.052,7.16,6779834.0,514567413.0,0.736,0.782,0.732,0.726,6.89,30.48,2.22,-59.97,3721691.0,3058143.0,-34951656.0,-6.79,-50273790.0,-9.77,15322134.0,2.98,35615614.0,6.92,-663957.0,-0.13,-15.0,0.778,0.779,2224068896.0,1730325601,1730325601,2024-09-26,2024-09-26 15:00:41+08:00
32,516100,金融科技ETF华夏,0.751,0.7381,-1.75,0.05,7.13,317445.0,22601529.0,0.688,0.752,0.67,0.701,11.7,27.66,1.7,2.25,159864.0,157581.0,3107721.0,13.75,7610813.0,33.67,-4503092.0,-19.92,-2264494.0,-10.02,-843228.0,-3.73,-131.0,0.752,0.756,114759700.0,86184535,86184535,2024-09-26,2024-09-26 15:00:42+08:00
33,159798,消费50ETF,0.908,0.904,-0.44,0.06,7.08,131817.0,11565504.5,0.846,0.927,0.846,0.848,9.55,23.44,2.18,47.56,76064.0,55753.0,-168389.0,-1.46,-607145.0,-5.25,438756.0,3.79,145347.0,1.26,23043.0,0.2,-495.0,0.908,0.91,56245390.0,51070814,51070814,2024-09-26,2024-09-26 15:00:06+08:00
34,513330,恒生互联网ETF,0.409,0.411,0.49,0.027,7.07,160265431.0,6389276605.0,0.388,0.41,0.386,0.382,6.28,20.58,1.59,-13.06,90133023.0,70132408.0,298701056.0,4.68,540676608.0,8.46,-241975552.0,-3.79,-231721354.0,-3.63,-66979644.0,-1.05,-11851.0,0.409,0.41,77883482112.0,31854344184,31854344184,2024-09-26,2024-09-26 15:00:41+08:00
35,513220,中概互联ETF,1.021,0.9583,-6.54,0.067,7.02,1179575.0,117642846.0,0.961,1.025,0.961,0.954,6.71,,2.51,68.07,679761.0,499814.0,1351703.0,1.15,5579935.0,4.74,-4228232.0,-3.59,-867428.0,-0.74,-484274.0,-0.41,-100.0,1.018,1.022,112109400.0,114463697,114463697,2024-09-26,2024-09-26 15:00:40+08:00
36,515910,质量ETF,0.474,0.4724,-0.34,0.031,7.0,260022.0,11837425.0,0.442,0.474,0.441,0.443,7.45,5.42,1.55,5.73,147903.0,112119.0,-571370.0,-4.83,-892670.0,-7.54,321300.0,2.71,914800.0,7.73,-343430.0,-2.9,26.0,0.473,0.474,479507008.0,227286322,227286322,2024-09-26,2024-09-26 15:00:42+08:00
37,512000,券商ETF,0.904,0.8951,-0.99,0.059,6.98,17559538.0,1529974667.0,0.839,0.905,0.838,0.845,7.93,7.36,1.94,17.7,11556747.0,6002792.0,254318912.0,16.62,280436032.0,18.33,-26117120.0,-1.71,-158454651.0,-10.36,-95864262.0,-6.27,749.0,0.903,0.904,23854517760.0,21564484055,21564484055,2024-09-26,2024-09-26 15:00:43+08:00
38,159841,证券ETF,0.863,0.8505,-1.47,0.056,6.94,4418041.0,366925287.3,0.801,0.863,0.8,0.807,7.81,8.44,2.07,69.87,2754908.0,1663133.0,68270100.0,18.61,80067167.0,21.82,-11797067.0,-3.22,-45366187.0,-12.36,-22903912.0,-6.24,-96164.0,0.863,0.864,5233038592.0,4516112305,4516112305,2024-09-26,2024-09-26 15:00:06+08:00
39,516750,建材ETF,0.586,0.5842,-0.31,0.038,6.93,307813.0,17246376.0,0.548,0.588,0.544,0.548,8.03,31.84,1.37,26.46,161807.0,146006.0,381512.0,2.21,248109.0,1.44,133403.0,0.77,-86920.0,-0.5,-294593.0,-1.71,2.0,0.585,0.588,96667300.0,56647038,56647038,2024-09-26,2024-09-26 15:00:42+08:00
40,515010,券商ETF基金,1.081,1.0701,-1.02,0.069,6.82,369684.0,38347280.0,1.008,1.085,1.007,1.012,7.71,4.86,1.69,9.33,238259.0,131425.0,3825255.0,9.98,2077163.0,5.42,1748092.0,4.56,-2130540.0,-5.56,-1694713.0,-4.42,-50.0,1.082,1.084,761271600.0,822934600,822934600,2024-09-26,2024-09-26 15:00:41+08:00
41,513380,恒生科技ETF龙头,1.019,1.0217,0.26,0.065,6.81,5215370.0,516920074.0,0.969,1.02,0.963,0.954,5.97,18.43,1.84,5.74,2958312.0,2257058.0,8224768.0,1.59,4336621.0,0.84,3888147.0,0.75,-4459345.0,-0.86,-3765422.0,-0.73,101.0,1.018,1.019,2829392496.0,2883150953,2883150953,2024-09-26,2024-09-26 15:00:41+08:00
42,513050,中概互联网ETF,1.161,1.0891,-6.6,0.074,6.81,36565046.0,4136989246.0,1.106,1.162,1.1,1.087,5.7,10.61,1.82,-27.74,20807484.0,15757561.0,357443472.0,8.64,464645872.0,11.23,-107202400.0,-2.59,-198263168.0,-4.79,-159180282.0,-3.85,-2155.0,1.161,1.162,34457432832.0,40005079518,40005079518,2024-09-26,2024-09-26 15:00:42+08:00
43,159741,恒生科技ETF基金,0.552,0.5552,0.58,0.035,6.77,3146027.0,169540906.3,0.523,0.553,0.523,0.517,5.8,30.82,1.82,-36.81,1827134.0,1318893.0,8525580.0,5.03,14236644.0,8.4,-5711064.0,-3.37,-6762284.0,-3.99,-1763295.0,-1.04,24335.0,0.551,0.552,1020796720.0,563479789,563479789,2024-09-26,2024-09-26 15:00:06+08:00
44,159740,恒生科技ETF,0.552,0.5534,0.25,0.035,6.77,23298653.0,1249121381.979,0.524,0.552,0.521,0.517,6.0,37.4,1.55,39.52,13732760.0,9565893.0,46972170.0,3.76,88961440.0,7.12,-41989270.0,-3.36,-34142178.0,-2.73,-12829982.0,-1.03,169437.0,0.551,0.552,6230120448.0,3439026487,3439026487,2024-09-26,2024-09-26 15:00:06+08:00
45,513130,恒生科技ETF,0.553,0.5545,0.27,0.035,6.76,98204917.0,5278247534.0,0.525,0.553,0.522,0.518,5.98,33.35,1.75,29.89,57185687.0,41019230.0,143640528.0,2.72,277615664.0,5.26,-133975136.0,-2.54,-104373907.0,-1.98,-39266687.0,-0.74,7201.0,0.552,0.553,29443346944.0,16282170860,16282170860,2024-09-26,2024-09-26 15:00:42+08:00
46,159605,中概互联ETF,0.888,0.8366,-6.14,0.056,6.73,20737604.0,1794938953.699,0.844,0.889,0.842,0.832,5.65,25.78,1.45,8.17,11887775.0,8849829.0,85018640.0,4.74,91460608.0,5.1,-6441968.0,-0.36,-59913987.0,-3.34,-25104669.0,-1.4,106667.0,0.887,0.888,8044486144.0,7143503696,7143503696,2024-09-26,2024-09-26 15:00:06+08:00
47,159568,港股互联网ETF,1.254,1.2584,0.35,0.079,6.72,164796.0,20088044.3,1.21,1.255,1.176,1.175,6.72,72.1,2.17,0.95,82117.0,82679.0,419569.0,2.09,-188276.0,-0.94,607845.0,3.03,-202641.0,-1.01,-216928.0,-1.08,1442.0,1.253,1.254,22857901.0,28663808,28663808,2024-09-26,2024-09-26 15:00:06+08:00
48,159607,中概互联网ETF,0.879,0.8304,-5.85,0.055,6.67,6509401.0,557963861.85,0.836,0.881,0.834,0.824,5.7,28.07,1.62,9.39,3655885.0,2853516.0,30702146.0,5.5,39782369.0,7.13,-9080223.0,-1.63,-20059123.0,-3.6,-10643022.0,-1.91,-19392.0,0.879,0.88,2318829136.0,2038250811,2038250811,2024-09-26,2024-09-26 15:00:06+08:00
49,513890,恒生科技HKETF,0.827,0.8301,0.37,0.051,6.57,1142619.0,91878871.0,0.787,0.828,0.784,0.776,5.67,54.64,1.91,5.65,690865.0,451754.0,5690183.0,6.19,5415704.0,5.89,274479.0,0.3,-3904756.0,-4.25,-1785428.0,-1.94,20.0,0.826,0.828,209128000.0,172948856,172948856,2024-09-26,2024-09-26 15:00:41+08:00
50,513580,恒生科技ETF指数基金,0.555,0.5581,0.56,0.034,6.53,5555477.0,300505453.0,0.526,0.555,0.526,0.521,5.57,16.47,1.82,-3.77,3464433.0,2091044.0,5214376.0,1.74,29626669.0,9.86,-24412293.0,-8.12,-4482945.0,-1.49,-731431.0,-0.24,1316.0,0.554,0.555,3373118000.0,1872080490,1872080490,2024-09-26,2024-09-26 15:00:40+08:00
51,513040,港股通互联网ETF,1.03,1.0313,0.13,0.063,6.51,673866.0,67558105.0,0.976,1.03,0.971,0.967,6.1,42.96,2.22,10.13,351231.0,322635.0,-543539.0,-0.8,-2689672.0,-3.98,2146133.0,3.18,1216684.0,1.8,-673144.0,-1.0,1.0,1.029,1.03,156841300.0,161546539,161546539,2024-09-26,2024-09-26 15:00:40+08:00
52,562510,旅游ETF,0.658,0.6567,-0.2,0.04,6.47,1360944.0,86866000.0,0.617,0.658,0.617,0.618,6.63,11.13,1.83,-58.1,773493.0,587451.0,15741647.0,18.12,19805681.0,22.8,-4064034.0,-4.68,-9028866.0,-10.39,-6712781.0,-7.73,1169.0,0.657,0.658,1223095008.0,804796515,804796515,2024-09-26,2024-09-26 15:00:43+08:00
53,517880,品牌消费ETF,0.839,0.8447,0.67,0.051,6.47,47158.0,3890282.0,0.776,0.841,0.776,0.788,8.25,10.4,0.92,22.77,28852.0,18306.0,-45673.0,-1.17,-835916.0,-21.49,790243.0,20.31,-13305.0,-0.34,58979.0,1.52,-47.0,0.839,0.841,45337100.0,38037827,38037827,2024-09-26,2024-09-26 15:00:41+08:00
54,513070,港股消费50ETF,1.011,1.0094,-0.16,0.061,6.42,394674.0,38957660.0,0.954,1.011,0.952,0.95,6.21,46.56,3.01,87.82,224042.0,170632.0,-2296761.0,-5.9,908597.0,2.33,-3205358.0,-8.23,2485168.0,6.38,-188407.0,-0.48,519.0,1.008,1.019,84760800.0,85693169,85693169,2024-09-26,2024-09-26 15:00:42+08:00
55,159742,恒生科技指数ETF,0.564,0.5677,0.65,0.034,6.42,4940303.0,271522582.5,0.537,0.565,0.535,0.53,5.66,24.51,1.57,-12.53,2891139.0,2049164.0,14518405.0,5.35,18549160.0,6.83,-4030755.0,-1.48,-10828915.0,-3.99,-3689490.0,-1.36,-17600.0,0.564,0.565,2015928288.0,1136983554,1136983554,2024-09-26,2024-09-26 15:00:06+08:00
56,513230,港股消费ETF,0.802,0.8019,-0.01,0.048,6.37,303717.0,23769488.0,0.756,0.802,0.756,0.754,6.1,38.24,2.16,2.38,155510.0,148207.0,-1055589.0,-4.44,-662988.0,-2.79,-392601.0,-1.65,1241312.0,5.22,-185722.0,-0.78,373.0,0.799,0.802,79422700.0,63697005,63697005,2024-09-26,2024-09-26 15:00:43+08:00
57,159856,互联网龙头ETF,0.502,0.5033,0.26,0.03,6.36,178342.0,8745059.7,0.472,0.502,0.472,0.472,6.36,2.89,1.9,31.19,109501.0,68841.0,1553049.0,17.76,750181.0,8.58,802868.0,9.18,-941233.0,-10.76,-611817.0,-7.0,1656.0,0.501,0.502,617372480.0,309920985,309920985,2024-09-26,2024-09-26 15:00:06+08:00
58,512880,证券ETF,0.938,0.9328,-0.56,0.056,6.35,34030010.0,3089546335.0,0.875,0.94,0.874,0.882,7.48,10.19,1.99,-30.24,19651047.0,14378963.0,379967424.0,12.3,460394448.0,14.9,-80427024.0,-2.6,-210037040.0,-6.8,-169930386.0,-5.5,-7042.0,0.939,0.94,33405291520.0,31334163446,31334163446,2024-09-26,2024-09-26 15:00:41+08:00
59,513010,恒生科技30ETF,0.57,0.5714,0.25,0.034,6.34,20037488.0,1112077801.0,0.542,0.57,0.54,0.536,5.6,16.12,1.73,-1.99,12005375.0,8032113.0,54834973.0,4.93,107644720.0,9.68,-52809747.0,-4.75,-40138616.0,-3.61,-14696358.0,-1.32,476.0,0.569,0.57,12430307072.0,7085275031,7085275031,2024-09-26,2024-09-26 15:00:42+08:00
60,513180,恒生科技指数ETF,0.556,0.5589,0.52,0.033,6.31,137569908.0,7482363324.0,0.53,0.557,0.527,0.523,5.74,32.06,1.92,-16.74,75173934.0,62395974.0,211401440.0,2.83,629850624.0,8.42,-418449184.0,-5.59,-148950191.0,-1.99,-62451436.0,-0.83,-40061.0,0.556,0.557,42911759616.0,23858938346,23858938346,2024-09-26,2024-09-26 15:00:42+08:00
61,513590,香港消费ETF,0.725,0.7275,0.34,0.043,6.3,242976.0,17224156.0,0.683,0.725,0.683,0.682,6.16,18.12,1.17,-60.24,131500.0,111476.0,2926109.0,16.99,200228.0,1.16,2725881.0,15.83,-1091313.0,-6.34,-1834797.0,-10.65,75.0,0.724,0.725,134118900.0,97236203,97236203,2024-09-26,2024-09-26 15:00:42+08:00
62,159905,深红利ETF,1.875,1.8658,-0.49,0.111,6.29,340829.0,61910769.079,1.764,1.884,1.76,1.764,7.03,2.37,0.64,20.88,197190.0,143639.0,8297666.0,13.4,138869.0,0.22,8158797.0,13.18,-1705380.0,-2.75,-6592287.0,-10.65,-4479.0,1.875,1.876,1439443952.0,2698957410,2698957410,2024-09-26,2024-09-26 15:00:03+08:00
63,159758,红利质量ETF,0.811,0.807,-0.5,0.048,6.29,158866.0,12481585.2,0.767,0.813,0.76,0.763,6.95,2.29,1.64,-90.66,112125.0,46741.0,1737679.0,13.92,2310120.0,18.51,-572441.0,-4.59,-728989.0,-5.84,-1008690.0,-8.08,-485.0,0.811,0.812,692290784.0,561447826,561447826,2024-09-26,2024-09-26 15:00:06+08:00
64,159708,红利ETF,0.745,0.7399,-0.69,0.044,6.28,309919.0,22340574.866,0.697,0.745,0.697,0.701,6.85,11.03,0.92,27.92,220046.0,89873.0,988085.0,4.42,406777.0,1.82,581308.0,2.6,-225398.0,-1.01,-762687.0,-3.41,-1928.0,0.745,0.746,281028304.0,209366086,209366086,2024-09-26,2024-09-26 15:00:03+08:00
65,159792,港股通互联网ETF,0.629,0.632,0.47,0.037,6.25,25488507.0,1565907595.611,0.6,0.631,0.596,0.592,5.91,9.59,1.39,-9.83,13802186.0,11686321.0,90921632.0,5.81,13938704.0,0.89,76982928.0,4.92,-27711602.0,-1.77,-63210046.0,-4.04,-106487.0,0.629,0.63,26568855296.0,16711809981,16711809981,2024-09-26,2024-09-26 15:00:06+08:00
66,513260,恒生科技ETF基金,1.062,1.0649,0.27,0.062,6.2,2707776.0,281192033.0,1.012,1.063,1.007,1.0,5.6,25.23,2.94,1.8,1599481.0,1108296.0,22739807.0,8.09,10549546.0,3.75,12190261.0,4.34,-23783545.0,-8.46,1043738.0,0.37,-1146.0,1.061,1.063,1073243008.0,1139784074,1139784074,2024-09-26,2024-09-26 15:00:41+08:00
67,159766,旅游ETF,0.651,0.6503,-0.11,0.038,6.2,2851424.0,180531758.172,0.611,0.652,0.611,0.613,6.69,6.84,2.48,-21.83,1825584.0,1025840.0,29733294.0,16.47,42076741.0,23.31,-12343447.0,-6.84,-13005358.0,-7.2,-16727935.0,-9.27,-41907.0,0.651,0.652,4171140960.0,2715412765,2715412765,2024-09-26,2024-09-26 15:00:06+08:00
68,517200,互联网ETF,0.514,0.5124,-0.31,0.03,6.2,95984.0,4764268.0,0.482,0.514,0.482,0.484,6.61,4.2,2.24,31.09,41659.0,54325.0,706091.0,14.82,406234.0,8.53,299857.0,6.29,-514120.0,-10.79,-191971.0,-4.03,395.0,0.514,0.515,228782000.0,117593948,117593948,2024-09-26,2024-09-26 15:00:42+08:00
69,159692,证券ETF东财,1.025,1.019,-0.59,0.059,6.11,327338.0,32265453.704,0.964,1.025,0.952,0.966,7.56,26.3,2.09,55.03,190345.0,136993.0,2439553.0,7.56,4995981.0,15.48,-2556428.0,-7.92,-1597540.0,-4.95,-842013.0,-2.61,-2543.0,1.025,1.026,124455969.0,127567368,127567368,2024-09-26,2024-09-26 15:00:06+08:00
70,159906,深成长龙头ETF,0.749,0.7377,-1.53,0.043,6.09,114058.0,8180431.0,0.705,0.759,0.7,0.706,8.36,6.72,3.54,-86.29,77121.0,36937.0,-738632.0,-9.03,-1124484.0,-13.75,385852.0,4.72,603692.0,7.38,134939.0,1.65,-404.0,0.749,0.75,169639725.0,127060154,127060154,2024-09-26,2024-09-26 15:00:06+08:00
71,515560,证券ETF建信,0.854,0.8513,-0.32,0.049,6.09,222259.0,18376738.0,0.802,0.854,0.8,0.805,6.71,6.11,2.06,22.46,149621.0,72638.0,5419562.0,29.49,6670729.0,36.3,-1251167.0,-6.81,-3287443.0,-17.89,-2132118.0,-11.6,-180.0,0.854,0.855,363883296.0,310756335,310756335,2024-09-26,2024-09-26 15:00:41+08:00
72,159851,金融科技ETF,0.909,0.9048,-0.46,0.052,6.07,915693.0,79870835.7,0.84,0.911,0.84,0.857,8.28,21.86,1.57,13.94,556984.0,358709.0,3623449.0,4.54,5697158.0,7.13,-2073709.0,-2.6,-1611942.0,-2.02,-2011509.0,-2.52,-6144.0,0.909,0.91,418952080.0,380827441,380827441,2024-09-26,2024-09-26 15:00:06+08:00
73,159750,香港科技50ETF,0.752,0.7554,0.45,0.043,6.06,678130.0,49837902.8,0.716,0.754,0.716,0.709,5.36,48.57,2.16,-65.19,385495.0,292635.0,2107724.0,4.23,-4708108.0,-9.45,6815832.0,13.68,-1667976.0,-3.35,-439748.0,-0.88,475.0,0.751,0.752,139618251.0,104992925,104992925,2024-09-26,2024-09-26 15:00:06+08:00
74,515190,中银证券500ETF,1.05,1.0174,-3.2,0.06,6.06,17708.0,1794237.0,0.971,1.05,0.971,0.99,7.98,2.62,3.19,39.81,12277.0,5431.0,93790.0,5.23,0.0,0.0,93790.0,5.23,-212158.0,-11.82,118368.0,6.6,104.0,1.05,1.065,67466100.0,70839405,70839405,2024-09-26,2024-09-26 15:00:42+08:00
75,517770,游戏传媒ETF,0.806,0.7997,-0.79,0.046,6.05,39489.0,3071735.0,0.758,0.807,0.758,0.76,6.45,15.22,1.13,89.77,27234.0,12255.0,89439.0,2.91,398579.0,12.98,-309140.0,-10.06,5887.0,0.19,-95327.0,-3.1,-50.0,0.806,0.807,25947800.0,20913927,20913927,2024-09-26,2024-09-26 15:00:43+08:00
76,512570,证券ETF易方达,0.947,0.9448,-0.23,0.054,6.05,279019.0,25523816.0,0.886,0.949,0.882,0.893,7.5,5.88,2.04,71.02,147716.0,131303.0,3666709.0,14.37,6966145.0,27.29,-3299436.0,-12.93,-2637047.0,-10.33,-1029662.0,-4.03,100.0,0.945,0.949,474806096.0,449641373,449641373,2024-09-26,2024-09-26 15:00:40+08:00
77,512070,证券保险ETF,0.684,0.6823,-0.25,0.039,6.05,8420536.0,556399480.0,0.64,0.684,0.64,0.645,6.82,8.26,2.05,64.28,5857856.0,2562680.0,-6989293.0,-1.26,-157917365.0,-28.38,150928072.0,27.13,10725374.0,1.93,-3736076.0,-0.67,-8074.0,0.684,0.685,10191479808.0,6970972189,6970972189,2024-09-26,2024-09-26 15:00:40+08:00
78,512900,证券ETF基金,0.93,0.927,-0.32,0.053,6.04,2960333.0,263202267.0,0.872,0.93,0.862,0.877,7.75,4.17,7.23,-2.94,2195855.0,764478.0,8365143.0,3.18,3903588.0,1.48,4461555.0,1.7,-4440656.0,-1.69,-3924487.0,-1.49,5000.0,0.929,0.93,7099906048.0,6602912625,6602912625,2024-09-26,2024-09-26 15:00:42+08:00
79,516860,金融科技ETF,0.774,0.7716,-0.31,0.044,6.03,498060.0,36904089.0,0.717,0.775,0.709,0.73,9.04,27.9,1.78,-21.42,285075.0,212985.0,2892592.0,7.84,563162.0,1.53,2329430.0,6.31,-2098581.0,-5.69,-794011.0,-2.15,37.0,0.773,0.774,178522000.0,138176028,138176028,2024-09-26,2024-09-26 15:00:43+08:00
80,159842,券商ETF,0.9,0.8947,-0.59,0.051,6.01,1725207.0,149876825.7,0.841,0.9,0.841,0.849,6.95,17.06,1.67,79.0,1037954.0,687253.0,12431907.0,8.29,14959189.0,9.98,-2527282.0,-1.69,-7411646.0,-4.95,-5020261.0,-3.35,-36126.0,0.9,0.901,1011250624.0,910125562,910125562,2024-09-26,2024-09-26 15:00:06+08:00
81,159993,证券ETF龙头,0.982,0.9826,0.06,0.055,5.93,1238658.0,118067142.557,0.926,0.982,0.924,0.927,6.26,9.09,1.82,-4.06,744607.0,494051.0,19857325.0,16.82,20751506.0,17.58,-894181.0,-0.76,-12545085.0,-10.63,-7312239.0,-6.19,-12484.0,0.982,0.983,1362697984.0,1338169420,1338169420,2024-09-26,2024-09-26 15:00:06+08:00
82,510600,申万上证50ETF,3.243,3.2121,-0.96,0.181,5.91,30738.0,9634376.0,3.066,3.243,3.066,3.062,5.78,19.56,2.24,8.57,18681.0,12057.0,-558891.0,-5.8,0.0,0.0,-558891.0,-5.8,510173.0,5.3,48718.0,0.51,30.0,3.231,3.24,15715100.0,50964069,50964069,2024-09-26,2024-09-26 15:00:41+08:00
83,515630,保险证券ETF,1.112,1.1086,-0.31,0.062,5.9,160852.0,17242623.0,1.049,1.113,1.045,1.05,6.48,14.27,1.41,82.06,77149.0,83703.0,698709.0,4.05,-432383.0,-2.51,1131092.0,6.56,-38256.0,-0.22,-660453.0,-3.83,22.0,1.11,1.112,112717700.0,125342082,125342082,2024-09-26,2024-09-26 15:00:40+08:00
84,159747,香港科技ETF,1.032,1.0366,0.44,0.057,5.85,777033.0,78361690.174,0.983,1.033,0.983,0.975,5.13,25.67,1.84,-5.07,460527.0,316506.0,7588017.0,9.68,3043960.0,3.88,4544057.0,5.8,-5100408.0,-6.51,-2487607.0,-3.17,-1082.0,1.032,1.033,302712272.0,312399065,312399065,2024-09-26,2024-09-26 15:00:06+08:00
85,515850,券商指数ETF,1.146,1.1449,-0.1,0.063,5.82,128891.0,14263628.0,1.078,1.146,1.075,1.083,6.56,9.74,1.71,56.46,72539.0,56352.0,810134.0,5.68,2192450.0,15.37,-1382316.0,-9.69,-277495.0,-1.95,-532640.0,-3.73,477.0,1.146,1.147,132291000.0,151605486,151605486,2024-09-26,2024-09-26 15:00:41+08:00
86,516980,证券ETF先锋,0.928,0.9204,-0.83,0.051,5.82,43517.0,3880504.0,0.871,0.928,0.806,0.877,13.91,13.18,1.78,43.67,24527.0,18990.0,589369.0,15.19,942859.0,24.3,-353490.0,-9.11,-354597.0,-9.14,-234773.0,-6.05,191.0,0.924,0.928,33016000.0,30638848,30638848,2024-09-26,2024-09-26 15:00:41+08:00
87,159810,创业板ETF浦银,0.699,0.6918,-1.04,0.038,5.75,60611.0,4089515.6,0.67,0.71,0.654,0.661,8.47,9.12,2.55,36.27,28846.0,31765.0,122856.0,3.0,171930.0,4.2,-49074.0,-1.2,-20420.0,-0.5,-102435.0,-2.5,-599.0,0.699,0.7,66475458.0,46466345,46466345,2024-09-26,2024-09-26 15:00:06+08:00
88,512510,中证500指数ETF,1.409,1.3832,-1.87,0.076,5.7,220638.0,29801618.0,1.332,1.416,1.325,1.333,6.83,5.14,1.6,84.28,122713.0,97925.0,2249509.0,7.55,-2053509.0,-6.89,4303018.0,14.44,-868110.0,-2.91,-1381398.0,-4.64,-20.0,1.41,1.416,428929808.0,604362099,604362099,2024-09-26,2024-09-26 15:00:40+08:00
89,513090,香港证券ETF,1.057,1.0494,-0.72,0.057,5.7,38289031.0,3951392124.0,1.005,1.064,0.998,1.0,6.6,95.57,2.19,-32.91,20883293.0,17405738.0,-465568.0,-0.01,9725008.0,0.25,-10190576.0,-0.26,10156752.0,0.26,-9691194.0,-0.25,-2048.0,1.058,1.059,4006488000.0,4234857816,4234857816,2024-09-26,2024-09-26 15:00:42+08:00
90,515210,钢铁ETF,1.122,1.115,-0.63,0.06,5.65,1027244.0,112349577.0,1.06,1.123,1.058,1.062,6.12,12.18,2.03,-31.82,559356.0,467888.0,-4267363.0,-3.8,-10413609.0,-9.27,6146246.0,5.47,5054476.0,4.5,-787114.0,-0.7,405.0,1.121,1.123,843726096.0,946660680,946660680,2024-09-26,2024-09-26 15:00:41+08:00
91,516200,证券ETF指数基金,0.899,0.8991,0.01,0.048,5.64,243893.0,21220404.0,0.846,0.9,0.825,0.851,8.81,5.76,1.66,-71.1,149509.0,94384.0,598397.0,2.82,1628270.0,7.67,-1029873.0,-4.85,-529526.0,-2.5,-68871.0,-0.32,-55.0,0.893,0.9,423604000.0,380819996,380819996,2024-09-26,2024-09-26 15:00:41+08:00
92,510100,上证50ETF易方达,1.28,1.2725,-0.59,0.068,5.61,2544214.0,316133038.0,1.209,1.28,1.209,1.212,5.86,9.58,2.13,26.87,1510654.0,1033560.0,5456820.0,1.73,12626784.0,3.99,-7169964.0,-2.27,816122.0,0.26,-6272942.0,-1.98,1.0,1.277,1.279,2656219904.0,3399961477,3399961477,2024-09-26,2024-09-26 15:00:43+08:00
93,530000,上证50ETF天弘,1.13,1.1219,-0.72,0.06,5.61,119683.0,13102368.0,1.069,1.135,1.069,1.07,6.17,3.29,0.47,26.0,54775.0,64908.0,1019821.0,7.78,-614022.0,-4.69,1633843.0,12.47,-921537.0,-7.03,-98284.0,-0.75,686.0,1.127,1.129,364029408.0,411353231,411353231,2024-09-26,2024-09-26 15:00:43+08:00
94,510710,上证50ETF博时,3.444,3.4188,-0.74,0.182,5.58,83410.0,27792102.0,3.276,3.452,3.259,3.262,5.92,4.38,2.86,42.62,48797.0,34613.0,-2082988.0,-7.49,-7458932.0,-26.84,5375944.0,19.34,2363366.0,8.5,-280378.0,-1.01,10.0,3.439,3.448,190418900.0,655802692,655802692,2024-09-26,2024-09-26 15:00:42+08:00
95,159822,新经济ETF,0.607,0.5793,-4.78,0.032,5.57,107339.0,6391751.502,0.576,0.61,0.576,0.575,5.91,4.06,2.52,-50.4,67950.0,39389.0,1861176.0,29.12,2297554.0,35.95,-436378.0,-6.83,-966702.0,-15.12,-894474.0,-13.99,103.0,0.606,0.607,264234315.0,160390229,160390229,2024-09-26,2024-09-26 15:00:06+08:00
96,510050,上证50ETF,2.618,2.5957,-0.86,0.138,5.56,23766597.0,6062194855.0,2.477,2.62,2.477,2.48,5.77,4.36,1.66,-64.69,15948134.0,7818462.0,301118064.0,4.97,-978001440.0,-16.13,1279119504.0,21.1,-14591408.0,-0.24,-286526681.0,-4.73,2199.0,2.617,2.618,54564066816.0,142848726924,142848726924,2024-09-26,2024-09-26 15:00:42+08:00
97,561130,国货ETF,0.685,0.6838,-0.18,0.036,5.55,253855.0,16707355.0,0.648,0.686,0.646,0.649,6.16,8.94,1.23,-5.55,139364.0,114491.0,663966.0,3.97,197839.0,1.18,466127.0,2.79,-578544.0,-3.46,-85422.0,-0.51,2.0,0.684,0.685,283935200.0,194495612,194495612,2024-09-26,2024-09-26 15:00:41+08:00
98,159678,中证500增强ETF,0.876,0.8661,-1.14,0.046,5.54,38614.0,3279193.312,0.832,0.876,0.829,0.83,5.66,3.34,1.57,94.88,25806.0,12808.0,302843.0,9.24,0.0,0.0,302843.0,9.24,-192343.0,-5.87,-110499.0,-3.37,-123.0,0.876,0.897,115643694.0,101303876,101303876,2024-09-26,2024-09-26 15:00:06+08:00
99,516790,医疗保健ETF,0.518,0.5176,-0.08,0.027,5.5,70978.0,3563668.0,0.491,0.519,0.486,0.491,6.72,3.56,3.21,-44.16,46397.0,24581.0,185051.0,5.19,-214856.0,-6.03,399907.0,11.22,-45774.0,-1.28,-139276.0,-3.91,1.0,0.517,0.518,199582200.0,103383580,103383580,2024-09-26,2024-09-26 15:00:41+08:00
100,516550,农业ETF,0.576,0.5774,0.24,0.03,5.49,189681.0,10592878.0,0.55,0.576,0.545,0.546,5.68,6.62,2.01,-12.91,109632.0,80049.0,2653793.0,25.05,1722764.0,16.26,931029.0,8.79,-1547191.0,-14.61,-1106601.0,-10.45,10.0,0.575,0.576,286414400.0,164974694,164974694,2024-09-26,2024-09-26 15:00:42+08:00
101,510680,上证50ETF基金,2.594,2.5954,0.05,0.134,5.45,277121.0,69545572.0,2.46,2.594,2.46,2.46,5.45,37.49,1.43,3.95,159743.0,117378.0,84030.0,0.12,-10011540.0,-14.4,10095570.0,14.52,317691.0,0.46,-401722.0,-0.58,2.0,2.59,2.594,73924700.0,191760672,191760672,2024-09-26,2024-09-26 15:00:41+08:00
102,159836,创300ETF,0.64,0.6349,-0.8,0.033,5.44,83038.0,5087217.8,0.61,0.64,0.603,0.607,6.1,5.78,1.92,0.55,56604.0,26434.0,147865.0,2.91,-500786.0,-9.84,648651.0,12.75,-92618.0,-1.82,-55246.0,-1.09,339.0,0.636,0.64,143747113.0,91998152,91998152,2024-09-26,2024-09-26 15:00:06+08:00
103,510850,工银上证50ETF,2.863,2.8388,-0.85,0.147,5.41,95926.0,26654369.0,2.7,2.865,2.7,2.716,6.08,13.23,1.98,-13.02,48858.0,47068.0,1587576.0,5.96,-4504500.0,-16.9,6092076.0,22.86,-957762.0,-3.59,-629814.0,-2.36,1680.0,2.858,2.862,72498900.0,207564351,207564351,2024-09-26,2024-09-26 15:00:43+08:00
104,513160,港股科技30ETF,0.78,0.7835,0.45,0.04,5.41,383037.0,29246262.0,0.746,0.781,0.738,0.74,5.81,46.04,1.65,9.6,217152.0,165885.0,1152891.0,3.94,249544.0,0.85,903347.0,3.09,-457299.0,-1.56,-695593.0,-2.38,50.0,0.779,0.78,83189300.0,64887654,64887654,2024-09-26,2024-09-26 15:00:41+08:00
105,516760,养殖ETF,0.567,0.5664,-0.11,0.029,5.39,163270.0,9019377.0,0.541,0.567,0.535,0.538,5.95,5.68,1.9,-2.07,94566.0,68704.0,1892630.0,20.98,947129.0,10.5,945501.0,10.48,-1003595.0,-11.13,-889034.0,-9.86,26.0,0.565,0.567,287215104.0,162850964,162850964,2024-09-26,2024-09-26 15:00:43+08:00
106,588880,科创100ETF指数,0.668,0.6674,-0.09,0.034,5.36,665261.0,43518012.0,0.634,0.669,0.631,0.634,5.99,13.19,2.1,-8.5,501710.0,163551.0,1879884.0,4.32,8355980.0,19.2,-6476096.0,-14.88,-1421818.0,-3.27,-458066.0,-1.05,-3089.0,0.667,0.669,504368000.0,336917824,336917824,2024-09-26,2024-09-26 15:00:41+08:00
107,563090,上证50ETF增强,1.01,1.0126,0.26,0.051,5.32,162208.0,16176879.0,0.959,1.01,0.958,0.959,5.42,9.49,5.99,-7.92,133653.0,28555.0,3379881.0,20.89,5961648.0,36.85,-2581767.0,-15.96,-2793594.0,-17.27,-586288.0,-3.62,5.0,1.009,1.01,170848000.0,172556480,172556480,2024-09-26,2024-09-26 15:00:40+08:00
108,159848,证券ETF基金,0.754,0.7515,-0.33,0.038,5.31,105661.0,7721744.8,0.712,0.754,0.708,0.716,6.42,9.99,1.9,31.57,74287.0,31374.0,1013426.0,13.12,1007430.0,13.05,5996.0,0.08,-553868.0,-7.17,-459560.0,-5.95,-1685.0,0.754,0.755,105811239.0,79781674,79781674,2024-09-26,2024-09-26 15:00:06+08:00
109,588030,科创100指数ETF,0.695,0.6937,-0.19,0.035,5.3,6656039.0,448315005.0,0.659,0.697,0.656,0.66,6.21,8.62,1.4,19.94,4137665.0,2518374.0,24266155.0,5.41,9630728.0,2.15,14635427.0,3.26,-18337373.0,-4.09,-5928781.0,-1.32,-2.0,0.695,0.697,7718838016.0,5364592421,5364592421,2024-09-26,2024-09-26 15:00:43+08:00
110,516950,基建ETF,0.993,0.991,-0.2,0.05,5.3,307880.0,29682837.0,0.943,0.994,0.94,0.943,5.73,6.26,1.2,6.38,164714.0,143166.0,3873839.0,13.05,2566928.0,8.65,1306911.0,4.4,-2372508.0,-7.99,-1501332.0,-5.06,30.0,0.993,0.994,491821008.0,488378261,488378261,2024-09-26,2024-09-26 15:00:41+08:00
111,588190,科创100ETF,0.696,0.6944,-0.23,0.035,5.3,3293851.0,222549694.0,0.658,0.697,0.657,0.661,6.05,10.72,1.25,23.97,2120673.0,1173178.0,13839203.0,6.22,27461992.0,12.34,-13622789.0,-6.12,-10731747.0,-4.82,-3107457.0,-1.4,5400.0,0.695,0.696,3073618304.0,2139238340,2139238340,2024-09-26,2024-09-26 15:00:41+08:00
112,159873,医疗设备ETF,0.518,0.5185,0.1,0.026,5.28,117185.0,5933260.1,0.491,0.518,0.487,0.492,6.3,5.01,1.62,27.0,79945.0,37240.0,451905.0,7.62,-818421.0,-13.79,1270326.0,21.41,-260100.0,-4.38,-191805.0,-3.23,108.0,0.517,0.518,233920000.0,121170560,121170560,2024-09-26,2024-09-26 15:00:06+08:00
113,159852,软件ETF,0.558,0.5572,-0.14,0.028,5.28,1917295.0,103463902.8,0.528,0.558,0.526,0.53,6.04,11.04,1.18,46.08,1145928.0,771367.0,6933370.0,6.7,15054693.0,14.55,-8121323.0,-7.85,-4958923.0,-4.79,-1974446.0,-1.91,-18970.0,0.558,0.559,1736623920.0,969036147,969036147,2024-09-26,2024-09-26 15:00:06+08:00
114,159658,数字经济ETF,0.837,0.8384,0.17,0.042,5.28,171636.0,13980469.6,0.798,0.837,0.792,0.795,5.66,6.34,1.11,-43.74,107238.0,64398.0,2523017.0,18.05,1242824.0,8.89,1280193.0,9.16,-1459681.0,-10.44,-1063336.0,-7.61,-199.0,0.837,0.838,270894880.0,226739015,226739015,2024-09-26,2024-09-26 15:00:06+08:00
115,588220,科创100ETF基金,0.698,0.6959,-0.3,0.035,5.28,5615282.0,378001000.0,0.66,0.699,0.657,0.663,6.33,8.82,1.3,-7.6,3479244.0,2136038.0,23662094.0,6.26,36716843.0,9.71,-13054749.0,-3.45,-16244509.0,-4.3,-7417584.0,-1.96,-110.0,0.698,0.699,6364697856.0,4442559103,4442559103,2024-09-26,2024-09-26 15:00:41+08:00
116,159587,粮食50ETF,1.057,1.0564,-0.06,0.053,5.28,56340.0,5780168.546,1.004,1.057,1.004,1.004,5.28,39.0,1.03,-46.55,43702.0,12638.0,1056340.0,18.28,501093.0,8.67,555247.0,9.61,-875889.0,-15.15,-180452.0,-3.12,151.0,1.051,1.057,14447031.0,15270512,15270512,2024-09-26,2024-09-26 15:00:06+08:00
117,159636,港股通科技30ETF,0.878,0.8841,0.69,0.044,5.28,1904497.0,164196092.7,0.844,0.881,0.839,0.834,5.04,5.61,2.4,-15.97,1237003.0,667494.0,32276640.0,19.66,24173957.0,14.72,8102683.0,4.93,-29574681.0,-18.01,-2701959.0,-1.65,-51074.0,0.878,0.879,3394250608.0,2980152034,2980152034,2024-09-26,2024-09-26 15:00:06+08:00
118,516670,畜牧养殖ETF,0.579,0.5795,0.09,0.029,5.27,862936.0,48343977.0,0.552,0.58,0.548,0.55,5.82,6.08,1.99,-26.73,534099.0,328837.0,4426521.0,9.16,7392717.0,15.29,-2966196.0,-6.14,-2519207.0,-5.21,-1907316.0,-3.95,200.0,0.578,0.579,1418266304.0,821176190,821176190,2024-09-26,2024-09-26 15:00:42+08:00
119,159793,线上消费ETF平安,0.699,0.6974,-0.23,0.035,5.27,10920.0,743670.775,0.665,0.701,0.665,0.664,5.42,2.44,2.51,-42.48,8673.0,2247.0,131327.0,17.66,0.0,0.0,131327.0,17.66,-126327.0,-16.99,-5000.0,-0.67,-21.0,0.696,0.701,44758908.0,31286477,31286477,2024-09-26,2024-09-26 15:00:06+08:00
120,588700,科创生物医药ETF,0.74,0.7428,0.38,0.037,5.26,131340.0,9367837.0,0.701,0.74,0.698,0.703,5.97,11.64,1.2,36.72,81896.0,49444.0,35116.0,0.37,-351142.0,-3.75,386258.0,4.12,651.0,0.01,-35768.0,-0.38,-2.0,0.74,0.742,112836200.0,83498788,83498788,2024-09-26,2024-09-26 15:00:43+08:00
121,159877,医疗产业ETF,0.522,0.5224,0.08,0.026,5.24,62935.0,3191567.585,0.496,0.522,0.491,0.496,6.25,4.67,2.26,7.36,28955.0,33980.0,152923.0,4.79,466838.0,14.63,-313915.0,-9.84,-103712.0,-3.25,-49211.0,-1.54,65.0,0.521,0.522,134792292.0,70361576,70361576,2024-09-26,2024-09-26 15:00:06+08:00
122,560360,软件指数ETF,0.967,0.9684,0.14,0.048,5.22,100519.0,9514363.0,0.922,0.967,0.914,0.919,5.77,7.83,1.83,-22.65,48193.0,52326.0,707199.0,7.43,-1005180.0,-10.56,1712379.0,18.0,-455835.0,-4.79,-251363.0,-2.64,542.0,0.966,0.967,128345000.0,124109615,124109615,2024-09-26,2024-09-26 15:00:40+08:00
123,560800,数字经济ETF,0.527,0.5285,0.28,0.026,5.19,529359.0,27277534.0,0.502,0.528,0.501,0.501,5.39,3.28,1.8,-57.45,366216.0,163143.0,5543080.0,20.32,6906249.0,25.32,-1363169.0,-5.0,-3303398.0,-12.11,-2239683.0,-8.21,-24.0,0.527,0.528,1615951104.0,851606232,851606232,2024-09-26,2024-09-26 15:00:42+08:00
124,159751,港股科技ETF,0.713,0.7145,0.21,0.035,5.16,375485.0,26204803.7,0.684,0.713,0.675,0.678,5.6,24.76,1.44,84.18,210956.0,164529.0,956660.0,3.65,707869.0,2.7,248791.0,0.95,-1089411.0,-4.16,132751.0,0.51,188.0,0.712,0.713,151629628.0,108111925,108111925,2024-09-26,2024-09-26 15:00:06+08:00
125,588900,科创100ETF南方,0.693,0.6932,0.03,0.034,5.16,190262.0,12652737.0,0.658,0.694,0.656,0.659,5.77,5.22,1.14,46.88,104775.0,85487.0,674879.0,5.33,45694.0,0.36,629185.0,4.97,-497288.0,-3.93,-177591.0,-1.4,-2.0,0.692,0.694,364783008.0,252794625,252794625,2024-09-26,2024-09-26 15:00:42+08:00
126,510500,中证500ETF,5.061,5.0227,-0.76,0.248,5.15,11789570.0,5826198165.0,4.795,5.067,4.794,4.813,5.67,6.16,2.34,67.52,7021135.0,4768435.0,52761616.0,0.91,-1203417120.0,-20.66,1256178736.0,21.56,-15559904.0,-0.27,-37201729.0,-0.64,2161.0,5.059,5.06,19128568576.0,96809685563,96809685563,2024-09-26,2024-09-26 15:00:42+08:00
127,159680,1000ETF增强,0.899,0.894,-0.56,0.044,5.15,321389.0,28119906.1,0.856,0.899,0.856,0.855,5.03,12.73,1.48,-61.64,169545.0,151844.0,799145.0,2.84,2210353.0,7.86,-1411208.0,-5.02,-589177.0,-2.1,-209969.0,-0.75,5808.0,0.898,0.899,252438087.0,226941840,226941840,2024-09-26,2024-09-26 15:00:06+08:00
128,159865,养殖ETF,0.532,0.5329,0.17,0.026,5.14,3565745.0,185699309.0,0.506,0.533,0.503,0.506,5.93,4.26,1.37,-9.94,2390871.0,1174874.0,23592855.0,12.7,27770816.0,14.95,-4177961.0,-2.25,-14138778.0,-7.61,-9454077.0,-5.09,-18022.0,0.532,0.533,8371455744.0,4453614456,4453614456,2024-09-26,2024-09-26 15:00:06+08:00
129,588120,科创板100ETF,0.697,0.6956,-0.2,0.034,5.13,2010254.0,135698416.0,0.66,0.698,0.658,0.663,6.03,9.38,1.21,24.52,1213941.0,796313.0,7562478.0,5.57,4415719.0,3.25,3146759.0,2.32,-6174525.0,-4.55,-1387951.0,-1.02,-7.0,0.697,0.698,2142811008.0,1493539273,1493539273,2024-09-26,2024-09-26 15:00:41+08:00
130,510800,50ETF基金,1.15,1.142,-0.7,0.056,5.12,433463.0,48468490.0,1.09,1.151,1.089,1.094,5.67,7.47,2.21,53.51,254103.0,179360.0,10003856.0,20.64,7494521.0,15.46,2509335.0,5.18,-5840143.0,-12.05,-4163712.0,-8.59,-96.0,1.149,1.15,580576000.0,667662400,667662400,2024-09-26,2024-09-26 15:00:42+08:00
131,159814,创业大盘ETF,0.329,0.3276,-0.43,0.016,5.11,1145141.0,36193651.877,0.314,0.329,0.309,0.313,6.39,7.44,1.25,-41.65,627294.0,517847.0,3477901.0,9.61,3458233.0,9.55,19668.0,0.05,-2884703.0,-7.97,-593197.0,-1.64,10598.0,0.327,0.329,1538246528.0,506083108,506083108,2024-09-26,2024-09-26 15:00:06+08:00
132,159899,软件龙头ETF,0.556,0.5536,-0.43,0.027,5.1,405263.0,21924512.5,0.528,0.556,0.525,0.529,5.86,11.82,1.51,68.47,246233.0,159030.0,649974.0,2.96,2377613.0,10.84,-1727639.0,-7.88,-266149.0,-1.21,-383825.0,-1.75,-1411.0,0.556,0.557,342977728.0,190695617,190695617,2024-09-26,2024-09-26 15:00:06+08:00
133,517390,云计算沪港深ETF,0.764,0.7644,0.05,0.037,5.09,34733.0,2567348.0,0.728,0.764,0.728,0.727,4.95,5.68,1.07,-32.2,23223.0,11510.0,309044.0,12.04,520430.0,20.27,-211386.0,-8.23,-222000.0,-8.65,-87044.0,-3.39,14.0,0.763,0.764,61112600.0,46690026,46690026,2024-09-26,2024-09-26 15:00:42+08:00
134,159903,深成ETF,1.074,1.0678,-0.58,0.052,5.09,420765.0,43912296.6,1.02,1.074,1.017,1.022,5.58,9.26,1.18,87.08,233674.0,187091.0,5022443.0,11.44,4775175.0,10.87,247268.0,0.56,-2845742.0,-6.48,-2176703.0,-4.96,7123.0,1.073,1.074,454154512.0,487761946,487761946,2024-09-26,2024-09-26 15:00:06+08:00
135,515810,中证800ETF,1.14,1.1315,-0.75,0.055,5.07,131416.0,14500419.0,1.085,1.14,1.084,1.085,5.16,7.43,1.24,3.47,82805.0,48611.0,102856.0,0.71,1071094.0,7.39,-968238.0,-6.68,57558.0,0.4,-160414.0,-1.11,-279.0,1.125,1.14,176908800.0,201676032,201676032,2024-09-26,2024-09-26 15:00:42+08:00
136,159867,畜牧ETF,0.539,0.5404,0.26,0.026,5.07,742758.0,38998678.1,0.513,0.54,0.51,0.513,5.85,5.38,1.48,-48.03,460791.0,281967.0,8949666.0,22.95,10105887.0,25.91,-1156221.0,-2.96,-5811801.0,-14.9,-3137865.0,-8.05,1988.0,0.538,0.539,1381143600.0,744436400,744436400,2024-09-26,2024-09-26 15:00:06+08:00
137,562060,标普红利ETF,1.058,1.0536,-0.42,0.051,5.06,394188.0,40912214.0,1.009,1.058,1.007,1.007,5.06,14.61,1.87,95.23,201711.0,192477.0,2201812.0,5.38,5924886.0,14.48,-3723074.0,-9.1,-1479968.0,-3.62,-721844.0,-1.76,-101.0,1.058,1.059,269896304.0,285550290,285550290,2024-09-26,2024-09-26 15:00:41+08:00
138,513310,中韩半导体ETF,1.184,1.1837,-0.03,0.057,5.06,2426821.0,281630743.0,1.151,1.185,1.144,1.127,3.64,49.28,1.3,11.09,1441291.0,985530.0,13074385.0,4.64,10746736.0,3.82,2327649.0,0.83,-9639840.0,-3.42,-3434545.0,-1.22,552.0,1.183,1.185,492427008.0,583033577,583033577,2024-09-26,2024-09-26 15:00:41+08:00
139,159300,300ETF,3.645,3.6148,-0.84,0.175,5.04,565543.0,199820709.744,3.471,3.645,3.462,3.47,5.27,25.75,2.28,29.46,348137.0,217407.0,-16360943.0,-8.19,-21498886.0,-10.76,5137943.0,2.57,12641743.0,6.33,3719199.0,1.86,4336.0,3.641,3.645,219658097.0,800653764,800653764,2024-09-26,2024-09-26 15:00:06+08:00
140,513560,香港科技ETF,0.896,0.9,0.44,0.043,5.04,44002.0,3873954.0,0.866,0.896,0.86,0.853,4.22,3.4,0.91,-49.13,26036.0,17966.0,1430499.0,36.93,439097.0,11.33,991402.0,25.59,-766493.0,-19.79,-664006.0,-17.14,1.0,0.895,0.896,129386000.0,115929856,115929856,2024-09-26,2024-09-26 15:00:41+08:00
141,562860,生物疫苗ETF,0.563,0.5635,0.09,0.027,5.04,240263.0,13092473.0,0.535,0.564,0.535,0.536,5.41,4.61,1.5,41.56,134251.0,106012.0,996492.0,7.61,1548119.0,11.82,-551627.0,-4.21,-652602.0,-4.98,-343891.0,-2.63,-2000.0,0.563,0.564,520895008.0,293263890,293263890,2024-09-26,2024-09-26 15:00:41+08:00
142,516610,医疗服务ETF,0.438,0.4387,0.16,0.021,5.04,130980.0,5604222.0,0.416,0.439,0.412,0.417,6.47,11.1,4.39,62.44,93434.0,37546.0,47509.0,0.85,288237.0,5.14,-240728.0,-4.3,9180.0,0.16,-56689.0,-1.01,-80.0,0.438,0.439,117974800.0,51672962,51672962,2024-09-26,2024-09-26 15:00:42+08:00
143,512500,中证500ETF华夏,2.724,2.7035,-0.76,0.13,5.01,1436870.0,380269038.0,2.582,2.724,2.582,2.594,5.47,3.04,1.0,-9.63,706481.0,730389.0,-9099801.0,-2.39,-40993152.0,-10.78,31893351.0,8.39,2609222.0,0.69,6490579.0,1.71,2.0,2.719,2.72,4732008704.0,12889991710,12889991710,2024-09-26,2024-09-26 15:00:41+08:00
144,516970,基建50ETF,1.006,1.0048,-0.12,0.048,5.01,797119.0,78026935.0,0.95,1.007,0.95,0.958,5.95,2.76,1.35,12.4,375072.0,422047.0,16898977.0,21.66,15113760.0,19.37,1785217.0,2.29,-11890491.0,-15.24,-5008486.0,-6.42,-82.0,1.006,1.007,2886042496.0,2903358751,2903358751,2024-09-26,2024-09-26 15:00:41+08:00
145,588210,科创100ETF易方达,0.671,0.6704,-0.09,0.032,5.01,184649.0,12105442.0,0.638,0.671,0.635,0.639,5.63,5.99,1.07,77.97,120927.0,63722.0,819854.0,6.77,3742413.0,30.92,-2922559.0,-24.14,-425704.0,-3.52,-394151.0,-3.26,100.0,0.67,0.672,308254000.0,206838434,206838434,2024-09-26,2024-09-26 15:00:41+08:00
146,512640,金融地产ETF基金,2.037,2.0392,0.11,0.097,5.0,13876.0,2758435.0,1.966,2.037,1.94,1.94,5.0,4.37,0.59,-21.4,5200.0,8676.0,-216459.0,-7.85,0.0,0.0,-216459.0,-7.85,237815.0,8.62,-21356.0,-0.77,250.0,1.973,2.05,31740900.0,64656213,64656213,2024-09-26,2024-09-26 15:00:41+08:00
147,159940,金融地产ETF,1.029,1.0293,0.03,0.049,5.0,193455.0,19455481.7,0.971,1.03,0.971,0.98,6.02,1.23,1.99,65.38,62011.0,131444.0,9902918.0,50.9,7902096.0,40.62,2000822.0,10.28,-8727965.0,-44.86,-1174953.0,-6.04,-85.0,1.029,1.03,1573059984.0,1618678724,1618678724,2024-09-26,2024-09-26 15:00:06+08:00
148,159517,800增强ETF,0.967,0.9559,-1.16,0.046,4.99,119776.0,11305053.9,0.93,0.967,0.917,0.921,5.43,50.45,1.96,94.81,82282.0,37494.0,-366867.0,-3.25,0.0,0.0,-366867.0,-3.25,379592.0,3.36,-12725.0,-0.11,-105.0,0.967,0.975,23742624.0,22959117,22959117,2024-09-26,2024-09-26 15:00:06+08:00
149,159965,央视50ETF,1.326,1.3346,0.64,0.063,4.99,16872.0,2177509.7,1.264,1.328,1.258,1.263,5.54,2.79,1.48,91.44,10870.0,6002.0,-18331.0,-0.84,0.0,0.0,-18331.0,-0.84,90934.0,4.18,-72602.0,-3.33,-309.0,1.326,1.328,60426953.0,80126140,80126140,2024-09-26,2024-09-26 15:00:06+08:00
150,159901,深证100ETF,2.442,2.4287,-0.55,0.116,4.99,1109025.0,262365588.517,2.324,2.442,2.316,2.326,5.42,4.29,1.35,46.02,523222.0,585803.0,-2110140.0,-0.8,-23751297.0,-9.05,21641157.0,8.25,15500213.0,5.91,-13390073.0,-5.1,-9258.0,2.442,2.443,2585034928.0,6312655294,6312655294,2024-09-26,2024-09-26 15:00:06+08:00
151,515230,软件ETF,0.57,0.5677,-0.41,0.027,4.97,1105111.0,60936094.0,0.541,0.57,0.536,0.543,6.26,8.52,0.95,64.87,624484.0,480627.0,5371195.0,8.81,6023427.0,9.88,-652232.0,-1.07,-3006216.0,-4.93,-2364980.0,-3.88,90.0,0.569,0.57,1296690896.0,739113811,739113811,2024-09-26,2024-09-26 15:00:42+08:00
152,159918,中创400ETF,1.458,1.4476,-0.72,0.069,4.97,608.0,86722.4,1.378,1.458,1.378,1.389,5.76,0.17,0.3,73.32,563.0,45.0,79678.0,91.88,0.0,0.0,79678.0,91.88,-68727.0,-79.25,-10951.0,-12.63,1.0,1.435,1.458,35561264.0,51848323,51848323,2024-09-26,2024-09-26 15:00:06+08:00
153,561930,沪深300ETF指数,1.12,1.1114,-0.77,0.053,4.97,523101.0,57131269.0,1.067,1.12,1.065,1.067,5.15,10.41,0.77,71.83,295995.0,227106.0,108754.0,0.19,-3563854.0,-6.24,3672608.0,6.43,-271332.0,-0.47,162578.0,0.28,1750.0,1.119,1.12,502260608.0,562531881,562531881,2024-09-26,2024-09-26 15:00:42+08:00
154,512170,医疗ETF,0.296,0.2952,-0.27,0.014,4.96,36877637.0,1052808382.0,0.281,0.297,0.278,0.282,6.74,4.75,1.88,-30.05,23012547.0,13865090.0,49817975.0,4.73,75229232.0,7.15,-25411257.0,-2.41,-36732781.0,-3.49,-13085198.0,-1.24,-3904.0,0.295,0.296,77559820288.0,22957706805,22957706805,2024-09-26,2024-09-26 15:00:43+08:00
155,510580,中证500ETF易方达,2.495,2.4717,-0.94,0.118,4.96,184579.0,44654109.0,2.376,2.498,2.358,2.377,5.89,1.67,0.98,64.46,98336.0,86243.0,-3374370.0,-7.56,680438.0,1.52,-4054808.0,-9.08,4691622.0,10.51,-1317253.0,-2.95,-7.0,2.497,2.498,1108568304.0,2765877918,2765877918,2024-09-26,2024-09-26 15:00:40+08:00
156,510950,上证50ETF指数,1.037,1.0357,-0.13,0.049,4.96,338242.0,34149969.0,0.988,1.044,0.987,0.988,5.77,40.05,2.1,62.01,221235.0,117007.0,592122.0,1.73,-10075136.0,-29.5,10667258.0,31.24,75565.0,0.22,-667687.0,-1.96,-250.0,1.041,1.042,84450000.0,87574650,87574650,2024-09-26,2024-09-26 15:00:42+08:00
157,513980,港股科技50ETF,0.487,0.4897,0.55,0.023,4.96,9300462.0,444925514.0,0.467,0.488,0.467,0.464,4.53,11.63,1.37,-46.17,5324032.0,3976429.0,-986291.0,-0.22,-7041808.0,-1.58,6055517.0,1.36,3304257.0,0.74,-2317957.0,-0.52,-36.0,0.487,0.488,8000204032.0,3896099364,3896099364,2024-09-26,2024-09-26 15:00:42+08:00
158,159617,500价值ETF,1.04,1.0279,-1.18,0.049,4.94,43767.0,4417021.1,0.982,1.04,0.982,0.991,5.85,8.35,2.63,7.45,26973.0,16794.0,-1156019.0,-26.17,-200657.0,-4.54,-955362.0,-21.63,1080909.0,24.47,75110.0,1.7,3.0,1.026,1.045,52418382.0,54515117,54515117,2024-09-26,2024-09-26 15:00:06+08:00
159,159996,家电ETF,1.189,1.1853,-0.31,0.056,4.94,1068281.0,123225529.11,1.133,1.189,1.129,1.133,5.3,5.67,0.69,77.49,530653.0,537628.0,326897.0,0.27,2823372.0,2.29,-2496475.0,-2.03,1644085.0,1.33,-1970982.0,-1.6,-2593.0,1.189,1.19,1884554848.0,2240735714,2240735714,2024-09-26,2024-09-26 15:00:06+08:00
160,516560,养老ETF,0.701,0.7021,0.16,0.033,4.94,71881.0,4946792.0,0.67,0.701,0.665,0.668,5.39,6.46,3.62,26.71,47603.0,24278.0,1409063.0,28.48,-318643.0,-6.44,1727706.0,34.93,-815050.0,-16.48,-594014.0,-12.01,-32.0,0.701,0.702,111258000.0,77991858,77991858,2024-09-26,2024-09-26 15:00:42+08:00
161,159910,基本面120ETF,1.934,1.938,0.21,0.091,4.94,5207.0,980645.7,1.832,1.934,1.832,1.843,5.53,0.32,0.57,0.27,2824.0,2383.0,158775.0,16.19,0.0,0.0,158775.0,16.19,-38121.0,-3.89,-120655.0,-12.3,5.0,1.902,1.97,164906143.0,318928481,318928481,2024-09-26,2024-09-26 15:00:03+08:00
162,513320,恒生新经济ETF,0.958,0.9597,0.18,0.045,4.93,114485.0,10764672.0,0.915,0.959,0.915,0.913,4.82,17.89,1.94,33.12,56676.0,57809.0,319956.0,2.97,0.0,0.0,319956.0,2.97,-280391.0,-2.6,-39565.0,-0.37,-20.0,0.957,0.959,64010600.0,61322155,61322155,2024-09-26,2024-09-26 15:00:42+08:00
163,513150,港股通科技50ETF,0.768,0.7742,0.8,0.036,4.92,323830.0,24466614.0,0.734,0.769,0.734,0.732,4.78,27.55,1.51,50.18,178548.0,145282.0,-777832.0,-3.18,-249157.0,-1.02,-528675.0,-2.16,746485.0,3.05,31346.0,0.13,15.0,0.767,0.769,117559800.0,90285926,90285926,2024-09-26,2024-09-26 15:00:41+08:00
164,159729,互联网ETF,0.598,0.6001,0.35,0.028,4.91,26956.0,1573665.272,0.573,0.599,0.563,0.57,6.32,1.8,1.36,71.73,18931.0,8025.0,99494.0,6.32,0.0,0.0,99494.0,6.32,-29307.0,-1.86,-70188.0,-4.46,-443.0,0.598,0.599,149560633.0,89437259,89437259,2024-09-26,2024-09-26 15:00:06+08:00
165,159998,计算机ETF,0.642,0.6394,-0.41,0.03,4.9,831099.0,51883446.831,0.612,0.642,0.608,0.612,5.56,2.77,1.53,81.01,582630.0,248469.0,7395761.0,14.25,13021601.0,25.1,-5625840.0,-10.84,-6146803.0,-11.85,-1248957.0,-2.41,4329.0,0.641,0.642,2996255360.0,1923595941,1923595941,2024-09-26,2024-09-26 15:00:06+08:00
166,588860,科创医药ETF,0.985,0.9915,0.66,0.046,4.9,72640.0,7069820.0,0.942,0.987,0.933,0.939,5.75,6.03,1.41,-43.66,42942.0,29698.0,1541814.0,21.81,780510.0,11.04,761304.0,10.77,-1104005.0,-15.62,-437809.0,-6.19,12.0,0.984,0.985,120444700.0,118638030,118638030,2024-09-26,2024-09-26 15:00:43+08:00
167,159898,医疗器械指数ETF,0.472,0.4702,-0.38,0.022,4.89,317037.0,14508564.057,0.451,0.474,0.444,0.45,6.67,11.12,1.54,66.2,205267.0,111770.0,-54640.0,-0.38,494130.0,3.41,-548770.0,-3.78,332209.0,2.29,-277569.0,-1.91,-11.0,0.475,0.478,285098832.0,134566649,134566649,2024-09-26,2024-09-26 15:00:06+08:00
168,159922,中证500ETF,5.236,5.2045,-0.61,0.244,4.89,1976164.0,1010608346.023,4.989,5.239,4.983,4.992,5.13,8.52,1.87,-89.13,1158393.0,817772.0,-85363648.0,-8.45,-146567168.0,-14.5,61203520.0,6.06,71500181.0,7.07,13863464.0,1.37,9126.0,5.235,5.236,2320269936.0,12148933385,12148933385,2024-09-26,2024-09-26 15:00:06+08:00
169,515390,沪深300ETF指数基金,1.009,1.0021,-0.69,0.047,4.89,656211.0,64590433.0,0.964,1.011,0.96,0.962,5.3,14.69,2.03,-33.52,378985.0,277226.0,3603835.0,5.58,-1899785.0,-2.94,5503620.0,8.52,-1510752.0,-2.34,-2093083.0,-3.24,327.0,1.008,1.009,446683008.0,450703155,450703155,2024-09-26,2024-09-26 15:00:41+08:00
170,159828,医疗ETF,0.365,0.3659,0.25,0.017,4.89,2755107.0,97008804.3,0.346,0.365,0.342,0.348,6.61,4.95,1.7,-20.35,1691352.0,1063755.0,7016871.0,7.23,7129429.0,7.35,-112558.0,-0.12,-5135223.0,-5.29,-1881647.0,-1.94,25096.0,0.364,0.365,5564439552.0,2031020436,2031020436,2024-09-26,2024-09-26 15:00:06+08:00
171,588800,科创100ETF华夏,0.669,0.6684,-0.09,0.031,4.86,3129131.0,202788032.0,0.635,0.67,0.632,0.638,5.96,6.9,1.12,-0.38,1706626.0,1422505.0,9658903.0,4.76,18171347.0,8.96,-8512444.0,-4.2,-6169479.0,-3.04,-3489424.0,-1.72,-100.0,0.669,0.67,4532377088.0,3032160272,3032160272,2024-09-26,2024-09-26 15:00:42+08:00
172,560950,500ETF增强,0.928,0.9195,-0.92,0.043,4.86,61820.0,5584436.0,0.86,0.928,0.86,0.885,7.68,11.14,3.26,36.22,48567.0,13253.0,39744.0,0.71,0.0,0.0,39744.0,0.71,-21175.0,-0.38,-18569.0,-0.33,3.0,0.927,0.932,55483000.0,51488224,51488224,2024-09-26,2024-09-26 15:00:40+08:00
173,159738,云计算ETF沪港深,0.821,0.8223,0.16,0.038,4.85,39089.0,3151399.2,0.787,0.821,0.783,0.783,4.85,6.63,1.14,-33.88,31894.0,7195.0,238355.0,7.56,0.0,0.0,238355.0,7.56,-201950.0,-6.41,-36405.0,-1.16,46.0,0.82,0.821,58992667.0,48432980,48432980,2024-09-26,2024-09-26 15:00:06+08:00
174,515130,沪深300ETF博时,1.124,1.1162,-0.7,0.052,4.85,167742.0,18242416.0,1.072,1.131,1.068,1.072,5.88,21.94,1.52,69.17,104185.0,63557.0,182778.0,1.0,459138.0,2.52,-276360.0,-1.51,22276.0,0.12,-205053.0,-1.12,-2.0,1.131,1.132,76463200.0,85944637,85944637,2024-09-26,2024-09-26 15:00:42+08:00
175,513360,教育ETF,0.454,0.4325,-4.97,0.021,4.85,5334041.0,236174182.0,0.436,0.454,0.433,0.433,4.85,49.2,1.53,28.92,3450720.0,1883321.0,16610404.0,7.03,30622326.0,12.97,-14011922.0,-5.93,-12121092.0,-5.13,-4489312.0,-1.9,848.0,0.453,0.454,1084213904.0,492233112,492233112,2024-09-26,2024-09-26 15:00:40+08:00
176,560100,中证500增强ETF,0.844,0.8355,-1.02,0.039,4.84,188275.0,15362226.0,0.81,0.847,0.789,0.805,7.2,16.15,1.17,37.96,109053.0,79222.0,101672.0,0.66,3446265.0,22.43,-3344593.0,-21.77,97660.0,0.64,-199332.0,-1.3,100.0,0.836,0.845,116580300.0,98393773,98393773,2024-09-26,2024-09-26 15:00:41+08:00
177,510330,沪深300ETF华夏,3.723,3.7008,-0.6,0.172,4.84,3759204.0,1362390882.0,3.544,3.727,3.544,3.551,5.15,0.95,0.91,-5.4,2263095.0,1496109.0,17679792.0,1.3,-77540096.0,-5.69,95219888.0,6.99,-2945575.0,-0.22,-14734229.0,-1.08,-100.0,3.726,3.727,39629049856.0,147538952614,147538952614,2024-09-26,2024-09-26 15:00:42+08:00
178,560350,中证A50ETF指数基金,1.039,1.0319,-0.69,0.048,4.84,3647360.0,367393942.0,0.988,1.04,0.988,0.991,5.25,7.62,1.14,20.34,2150747.0,1496613.0,28184177.0,7.67,56289015.0,15.32,-28104838.0,-7.65,-17534146.0,-4.77,-10650028.0,-2.9,1533.0,1.036,1.039,4787532032.0,4974245781,4974245781,2024-09-26,2024-09-26 15:00:41+08:00
179,159991,创大盘ETF,0.368,0.3684,0.11,0.017,4.84,185737.0,6685809.1,0.353,0.368,0.348,0.351,5.7,7.16,2.29,55.68,93323.0,92414.0,384213.0,5.75,1369888.0,20.49,-985675.0,-14.74,-114639.0,-1.71,-269575.0,-4.03,-2029.0,0.368,0.369,259463172.0,95482447,95482447,2024-09-26,2024-09-26 15:00:06+08:00
180,515350,民生加银300ETF,4.634,4.5973,-0.8,0.213,4.82,40424.0,18029602.0,4.416,4.637,4.41,4.421,5.13,17.97,2.3,84.35,21605.0,18819.0,-654661.0,-3.63,-96855.0,-0.54,-557806.0,-3.09,948298.0,5.26,-293637.0,-1.63,-12.0,4.635,4.669,22499200.0,104261293,104261293,2024-09-26,2024-09-26 15:00:43+08:00
181,159635,基建50ETF,0.958,0.9578,-0.02,0.044,4.81,122479.0,11413134.245,0.94,0.958,0.911,0.914,5.14,11.15,1.17,19.34,67241.0,55238.0,321996.0,2.82,0.0,0.0,321996.0,2.82,-21603.0,-0.19,-300393.0,-2.63,276.0,0.956,0.958,109846980.0,105233407,105233407,2024-09-26,2024-09-26 15:00:06+08:00
182,517990,医药ETF沪港深,0.698,0.6988,0.11,0.032,4.8,7292.0,494793.0,0.662,0.698,0.66,0.666,5.71,2.03,1.19,7.05,3620.0,3672.0,76154.0,15.39,0.0,0.0,76154.0,15.39,-72710.0,-14.7,-3444.0,-0.7,367.0,0.696,0.698,35987900.0,25119554,25119554,2024-09-26,2024-09-26 15:00:40+08:00
183,510200,上证券商ETF,1.091,1.0896,-0.13,0.05,4.8,81189.0,8614497.0,1.032,1.1,1.021,1.041,7.59,11.7,2.63,-4.01,51662.0,29527.0,563690.0,6.54,-623023.0,-7.23,1186713.0,13.78,73779.0,0.86,-637470.0,-7.4,-10.0,1.1,1.103,69385500.0,75699581,75699581,2024-09-26,2024-09-26 15:00:41+08:00
184,510510,中证500ETF基金,1.551,1.5438,-0.47,0.071,4.8,399413.0,60236100.0,1.478,1.553,1.473,1.48,5.41,2.32,1.11,-17.05,156983.0,242430.0,10171158.0,16.89,2297598.0,3.81,7873560.0,13.07,-7934914.0,-13.17,-2236244.0,-3.71,-159.0,1.552,1.553,1719038304.0,2666228410,2666228410,2024-09-26,2024-09-26 15:00:40+08:00
185,561920,疫苗龙头ETF,0.59,0.5908,0.14,0.027,4.8,6765.0,397155.0,0.565,0.59,0.564,0.563,4.62,2.28,2.59,21.09,5880.0,885.0,-5037.0,-1.27,0.0,0.0,-5037.0,-1.27,5608.0,1.41,-570.0,-0.14,521.0,0.589,0.59,29692000.0,17518280,17518280,2024-09-26,2024-09-26 15:00:42+08:00
186,512480,半导体ETF,0.678,0.6746,-0.5,0.031,4.79,22534297.0,1482860925.0,0.645,0.68,0.643,0.647,5.72,6.85,1.41,0.49,13845985.0,8688312.0,130530032.0,8.8,147865296.0,9.97,-17335264.0,-1.17,-84555597.0,-5.7,-45974429.0,-3.1,-3767.0,0.679,0.68,32897003520.0,22304168387,22304168387,2024-09-26,2024-09-26 15:00:42+08:00
187,159938,医药卫生ETF,0.569,0.568,-0.18,0.026,4.79,993766.0,54778606.8,0.544,0.569,0.538,0.543,5.71,1.28,1.49,-57.03,623419.0,370347.0,5233427.0,9.55,6693431.0,12.22,-1460004.0,-2.67,-3179871.0,-5.8,-2053555.0,-3.75,1715.0,0.568,0.569,7734567168.0,4400968719,4400968719,2024-09-26,2024-09-26 15:00:06+08:00
188,159595,中证A50ETF基金,1.051,1.0493,-0.16,0.048,4.79,3761231.0,382938092.684,1.0,1.051,0.998,1.003,5.28,8.15,0.98,75.78,2194002.0,1567229.0,3291458.0,0.86,-14757318.0,-3.85,18048776.0,4.71,-6515039.0,-1.7,3223582.0,0.84,-2996.0,1.051,1.052,4615113216.0,4850483990,4850483990,2024-09-26,2024-09-26 15:00:06+08:00
189,510300,沪深300ETF,3.64,3.617,-0.64,0.166,4.78,44429621.0,15792061339.0,3.468,3.643,3.467,3.474,5.07,4.83,1.85,67.09,28564186.0,15865435.0,-247130032.0,-1.56,-2262732032.0,-14.33,2015602000.0,12.76,681290576.0,4.31,-434160448.0,-2.75,-1651.0,3.641,3.642,91959787520.0,334733626573,334733626573,2024-09-26,2024-09-26 15:00:43+08:00
190,560010,中证1000ETF指数,1.997,1.9831,-0.7,0.091,4.77,3640984.0,710096122.0,1.897,1.998,1.897,1.906,5.3,3.59,1.04,-41.82,2736596.0,904388.0,-8371024.0,-1.18,-153267808.0,-21.58,144896784.0,20.41,-4368135.0,-0.62,12739159.0,1.79,-1415.0,1.996,1.997,10134621696.0,20238839527,20238839527,2024-09-26,2024-09-26 15:00:43+08:00
191,516600,消费服务ETF,0.527,0.5268,-0.04,0.024,4.77,40179.0,2073193.0,0.504,0.528,0.504,0.503,4.77,2.8,0.76,-65.72,28739.0,11440.0,208674.0,10.07,156674.0,7.56,52000.0,2.51,-105763.0,-5.1,-102912.0,-4.96,-200.0,0.523,0.527,143332100.0,75536017,75536017,2024-09-26,2024-09-26 15:00:42+08:00
192,159912,深300ETF,1.23,1.2291,-0.07,0.056,4.77,29243.0,3511329.7,1.17,1.23,1.17,1.174,5.11,3.73,2.03,34.94,19357.0,9886.0,-497918.0,-14.18,-846297.0,-24.1,348379.0,9.92,442303.0,12.6,55616.0,1.58,-22.0,1.23,1.24,78448991.0,96492259,96492259,2024-09-26,2024-09-26 15:00:06+08:00
193,510310,沪深300ETF易方达,3.564,3.5438,-0.57,0.162,4.76,11492600.0,3996718768.0,3.392,3.568,3.392,3.402,5.17,1.81,0.84,5.07,7637472.0,3855128.0,-52597440.0,-1.32,-408140864.0,-10.21,355543424.0,8.9,58654400.0,1.47,-6056950.0,-0.15,-3684.0,3.567,3.568,63644144128.0,226827729672,226827729672,2024-09-26,2024-09-26 15:00:43+08:00
194,159827,农业50ETF,0.662,0.6632,0.18,0.03,4.75,33713.0,2193027.532,0.637,0.663,0.63,0.632,5.22,2.38,1.32,-47.24,25292.0,8421.0,163124.0,7.44,536952.0,24.48,-373828.0,-17.05,50849.0,2.32,-213974.0,-9.76,1963.0,0.658,0.662,141716463.0,93816299,93816299,2024-09-26,2024-09-26 15:00:06+08:00
195,515310,沪深300指数ETF,1.038,1.0326,-0.52,0.047,4.74,399901.0,40488238.0,0.99,1.04,0.989,0.991,5.15,12.43,1.46,28.36,217461.0,182440.0,4472241.0,11.05,5632611.0,13.91,-1160370.0,-2.87,-2822659.0,-6.97,-1649582.0,-4.07,-120.0,1.039,1.04,321611200.0,333832426,333832426,2024-09-26,2024-09-26 15:00:43+08:00
196,515330,300ETF天弘,0.996,0.992,-0.4,0.045,4.73,1801638.0,176518800.0,0.951,0.997,0.949,0.951,5.05,1.76,1.03,7.6,1201512.0,600126.0,3155112.0,1.79,5950738.0,3.37,-2795626.0,-1.58,-2285334.0,-1.29,-869777.0,-0.49,-9.0,0.996,0.997,10214709504.0,10173850666,10173850666,2024-09-26,2024-09-26 15:00:41+08:00
197,588010,科创新材料ETF,0.443,0.4438,0.18,0.02,4.73,238725.0,10314677.0,0.422,0.444,0.422,0.423,5.2,14.01,1.34,-6.03,133382.0,105343.0,1064716.0,10.32,1036102.0,10.04,28614.0,0.28,-763973.0,-7.41,-300744.0,-2.92,297.0,0.442,0.443,170425800.0,75498629,75498629,2024-09-26,2024-09-26 15:00:43+08:00
198,159510,沪深300价值ETF,1.019,1.0195,0.05,0.046,4.73,180344.0,17955273.732,0.974,1.019,0.972,0.973,4.83,12.09,3.18,57.37,132658.0,47686.0,569075.0,3.17,-235186.0,-1.31,804261.0,4.48,-475959.0,-2.65,-93117.0,-0.52,-2057.0,1.019,1.02,149128342.0,151961780,151961780,2024-09-26,2024-09-26 15:00:06+08:00
199,561280,中证1000ETF增强,0.842,0.8398,-0.26,0.038,4.73,29818.0,2450627.0,0.805,0.842,0.804,0.804,4.73,4.9,1.0,-9.6,20925.0,8893.0,116728.0,4.76,728219.0,29.72,-611491.0,-24.95,-107208.0,-4.37,-9522.0,-0.39,10.0,0.816,0.842,60847700.0,51233763,51233763,2024-09-26,2024-09-26 15:00:41+08:00
200,159968,中证500ETF博时,6.055,6.036,-0.31,0.273,4.72,34634.0,20436906.1,5.8,6.055,5.78,5.782,4.76,2.8,1.56,78.41,19393.0,15241.0,653450.0,3.2,0.0,0.0,653450.0,3.2,108766.0,0.53,-762216.0,-3.73,10.0,6.05,6.055,123695098.0,748973818,748973818,2024-09-26,2024-09-26 15:00:06+08:00
201,159915,创业板ETF,1.686,1.6832,-0.17,0.076,4.72,28442155.0,4662498812.27,1.604,1.686,1.595,1.61,5.65,7.08,1.26,44.3,16564879.0,11877276.0,45224144.0,0.97,-282079536.0,-6.05,327303680.0,7.02,57980896.0,1.24,-103205008.0,-2.21,-198943.0,1.686,1.687,40144454912.0,67683550982,67683550982,2024-09-26,2024-09-26 15:00:06+08:00
202,159576,深证100ETF广发,1.021,1.019,-0.2,0.046,4.72,129870.0,12867317.2,0.98,1.021,0.971,0.975,5.13,19.67,1.09,44.36,83336.0,46534.0,-328728.0,-2.55,0.0,0.0,-328728.0,-2.55,256578.0,1.99,72149.0,0.56,15.0,1.02,1.021,66009612.0,67395814,67395814,2024-09-26,2024-09-26 15:00:06+08:00
203,510390,沪深300ETF平安,3.865,3.8424,-0.59,0.174,4.71,27161.0,10258228.0,3.686,3.868,3.669,3.691,5.39,1.87,1.72,-6.89,15298.0,11863.0,830022.0,8.09,0.0,0.0,830022.0,8.09,-139600.0,-1.36,-690421.0,-6.73,-2000.0,3.865,3.867,145550000.0,562550750,562550750,2024-09-26,2024-09-26 15:00:43+08:00
204,159982,中证500ETF鹏华,1.244,1.2371,-0.56,0.056,4.71,253687.0,30615634.7,1.188,1.244,1.185,1.188,4.97,9.6,1.52,-19.63,128161.0,125526.0,1333038.0,4.35,973887.0,3.18,359151.0,1.17,-218606.0,-0.71,-1114433.0,-3.64,-379.0,1.244,1.246,264211253.0,328678799,328678799,2024-09-26,2024-09-26 15:00:06+08:00
205,159916,深F60ETF,4.452,4.454,0.04,0.2,4.7,931.0,402664.7,4.198,4.452,4.198,4.252,5.97,0.11,0.79,88.1,441.0,490.0,0.0,0.0,0.0,0.0,0.0,0.0,133653.0,33.19,-133653.0,-33.19,1.0,4.457,4.458,84566039.0,376488006,376488006,2024-09-26,2024-09-26 15:00:03+08:00
206,562330,中证500价值ETF,0.935,0.9323,-0.29,0.042,4.7,89859.0,8177240.0,0.889,0.935,0.889,0.893,5.15,16.95,1.25,-1.79,54087.0,35772.0,-504045.0,-6.16,0.0,0.0,-504045.0,-6.16,530493.0,6.49,-26448.0,-0.32,2500.0,0.934,0.936,53018900.0,49572672,49572672,2024-09-26,2024-09-26 15:00:42+08:00
207,159508,生物医药ETF基金,0.713,0.7124,-0.08,0.032,4.7,27808.0,1924386.5,0.679,0.713,0.674,0.681,5.73,10.36,1.24,99.8,13505.0,14303.0,143540.0,7.46,209153.0,10.87,-65613.0,-3.41,-10690.0,-0.56,-132850.0,-6.9,-75.0,0.713,0.715,26831598.0,19130929,19130929,2024-09-26,2024-09-26 15:00:06+08:00
208,510350,工银沪深300ETF,3.744,3.72,-0.65,0.168,4.7,113190.0,40962126.0,3.577,3.757,3.563,3.576,5.43,0.88,0.54,80.49,62300.0,50890.0,-605113.0,-1.48,-573117.0,-1.4,-31996.0,-0.08,871032.0,2.13,-265920.0,-0.65,-394.0,3.747,3.767,1286214704.0,4815587852,4815587852,2024-09-26,2024-09-26 15:00:43+08:00
209,159623,成渝经济圈ETF,0.691,0.692,0.14,0.031,4.7,110836.0,7386537.282,0.665,0.691,0.66,0.66,4.7,0.27,0.84,-1.11,59176.0,51660.0,52231.0,0.71,0.0,0.0,52231.0,0.71,-12193.0,-0.17,-40038.0,-0.54,-1.0,0.688,0.693,4081271696.0,2820158742,2820158742,2024-09-26,2024-09-26 15:00:06+08:00
210,588160,科创材料ETF,0.446,0.4469,0.2,0.02,4.69,125189.0,5428652.0,0.431,0.447,0.425,0.426,5.16,9.31,1.56,-0.35,63471.0,61718.0,415277.0,7.65,335061.0,6.17,80216.0,1.48,-157459.0,-2.9,-257817.0,-4.75,-22.0,0.446,0.447,134496000.0,59985216,59985216,2024-09-26,2024-09-26 15:00:42+08:00
211,159919,沪深300ETF,3.726,3.71,-0.43,0.167,4.69,6184645.0,2244553169.26,3.554,3.726,3.553,3.559,4.86,1.64,1.13,85.62,3671215.0,2513430.0,66822096.0,2.98,-96352448.0,-4.29,163174544.0,7.27,19592208.0,0.87,-86414330.0,-3.85,-21726.0,3.726,3.727,37704816640.0,140488146801,140488146801,2024-09-26,2024-09-26 15:00:06+08:00
212,588200,科创芯片ETF,0.915,0.9103,-0.52,0.041,4.69,6820456.0,604738792.0,0.872,0.916,0.869,0.874,5.38,9.47,1.25,6.31,3983537.0,2836919.0,49702133.0,8.22,47460650.0,7.85,2241483.0,0.37,-30087870.0,-4.98,-19614269.0,-3.24,-3258.0,0.915,0.916,7203894784.0,6591563727,6591563727,2024-09-26,2024-09-26 15:00:43+08:00
213,159977,创业板ETF天弘,1.766,1.7638,-0.12,0.079,4.68,1153809.0,197236125.8,1.686,1.766,1.672,1.687,5.57,2.49,2.63,17.69,921697.0,232112.0,54407861.0,27.59,81194899.0,41.17,-26787038.0,-13.58,-45204880.0,-22.92,-9202981.0,-4.67,-2245.0,1.766,1.767,4642936320.0,8199425541,8199425541,2024-09-26,2024-09-26 15:00:06+08:00
214,561350,国泰中证500ETF,0.761,0.7587,-0.3,0.034,4.68,774213.0,57234453.0,0.734,0.763,0.726,0.727,5.09,33.71,1.22,30.07,366886.0,407327.0,546421.0,0.95,-449312.0,-0.79,995733.0,1.74,-302048.0,-0.53,-244374.0,-0.43,-1000.0,0.761,0.762,229700000.0,174801700,174801700,2024-09-26,2024-09-26 15:00:43+08:00
215,512100,中证1000ETF,1.994,1.9821,-0.6,0.089,4.67,27401386.0,5362037241.0,1.897,1.998,1.897,1.905,5.3,11.83,2.09,-38.41,18471054.0,8930332.0,9303744.0,0.17,-1321364656.0,-24.64,1330668400.0,24.82,-22989120.0,-0.43,13685384.0,0.26,10.0,1.993,1.994,23169217536.0,46199419767,46199419767,2024-09-26,2024-09-26 15:00:41+08:00
216,510360,沪深300ETF基金,1.322,1.3147,-0.56,0.059,4.67,2463771.0,320463530.0,1.261,1.323,1.26,1.263,4.99,4.31,1.67,67.13,1558853.0,904918.0,11746537.0,3.67,6819633.0,2.13,4926904.0,1.54,-7323067.0,-2.29,-4423470.0,-1.38,-15.0,1.322,1.324,5720381184.0,7562343925,7562343925,2024-09-26,2024-09-26 15:00:42+08:00
217,510530,工银中证500ETF,5.221,5.1971,-0.46,0.233,4.67,25035.0,12808110.0,4.983,5.221,4.979,4.988,4.85,5.33,1.73,91.04,11701.0,13334.0,857818.0,6.7,-2069558.0,-16.16,2927376.0,22.86,-712011.0,-5.56,-145807.0,-1.14,-4.0,5.233,5.362,46979400.0,245279447,245279447,2024-09-26,2024-09-26 15:00:40+08:00
218,159925,沪深300ETF南方,3.566,3.5509,-0.43,0.159,4.67,705189.0,244060684.776,3.401,3.566,3.396,3.407,4.99,4.84,1.17,20.0,397318.0,307872.0,-308640.0,-0.13,-17453648.0,-7.15,17145008.0,7.02,5513865.0,2.26,-5205225.0,-2.13,1092.0,3.565,3.566,1455620864.0,5190744001,5190744001,2024-09-26,2024-09-26 15:00:06+08:00
219,562600,医疗器械ETF,0.785,0.7798,-0.67,0.035,4.67,16144.0,1205672.0,0.75,0.785,0.74,0.75,6.0,2.13,1.91,-50.77,5793.0,10351.0,-97441.0,-8.08,-75.0,-0.01,-97366.0,-8.08,73992.0,6.14,23449.0,1.94,13.0,0.78,0.785,75937400.0,59610859,59610859,2024-09-26,2024-09-26 15:00:42+08:00
220,561990,沪深300增强ETF,0.785,0.7818,-0.41,0.035,4.67,891789.0,67843256.0,0.752,0.785,0.749,0.75,4.8,8.07,1.02,-4.96,486230.0,405559.0,3706610.0,5.46,-1118907.0,-1.65,4825517.0,7.11,-2262980.0,-3.34,-1443630.0,-2.13,-177.0,0.785,0.786,1105649200.0,867934622,867934622,2024-09-26,2024-09-26 15:00:42+08:00
221,159647,中药ETF,0.942,0.94,-0.21,0.042,4.67,513736.0,47070369.4,0.895,0.942,0.895,0.9,5.22,5.99,1.41,38.57,333646.0,180090.0,8273122.0,17.58,1525965.0,3.24,6747157.0,14.33,-5662849.0,-12.03,-2610272.0,-5.55,4944.0,0.941,0.942,856961760.0,807257978,807257978,2024-09-26,2024-09-26 15:00:06+08:00
222,517050,互联网50ETF,0.561,0.565,0.71,0.025,4.66,120532.0,6578725.0,0.536,0.561,0.533,0.536,5.22,1.53,1.46,44.35,85806.0,34726.0,1905429.0,28.96,1060603.0,16.12,844826.0,12.84,-1172760.0,-17.83,-732669.0,-11.14,30.0,0.56,0.561,785605008.0,440724409,440724409,2024-09-26,2024-09-26 15:00:41+08:00
223,512720,计算机ETF,0.763,0.7615,-0.2,0.034,4.66,755396.0,56186934.0,0.728,0.764,0.726,0.729,5.21,5.52,1.23,-47.18,455732.0,299664.0,4133687.0,7.36,73137.0,0.13,4060550.0,7.23,-2482356.0,-4.42,-1651331.0,-2.94,-3.0,0.763,0.764,1367453408.0,1043366950,1043366950,2024-09-26,2024-09-26 15:00:41+08:00
224,159956,创业板ETF建信,1.08,1.0781,-0.18,0.048,4.65,2639.0,281337.8,1.028,1.08,1.025,1.032,5.33,0.37,1.48,47.94,1749.0,890.0,33224.0,11.81,0.0,0.0,33224.0,11.81,17219.0,6.12,-50444.0,-17.93,20.0,1.079,1.08,71978674.0,77736968,77736968,2024-09-26,2024-09-26 15:00:06+08:00
225,159516,半导体设备ETF,0.765,0.7635,-0.2,0.034,4.65,1423131.0,105956471.157,0.728,0.765,0.725,0.731,5.47,13.09,1.43,33.65,913866.0,509265.0,10796457.0,10.19,8598640.0,8.12,2197817.0,2.07,-7397992.0,-6.98,-3398463.0,-3.21,20225.0,0.764,0.765,1087590000.0,832006350,832006350,2024-09-26,2024-09-26 15:00:06+08:00
226,159150,深证50ETF易方达,1.039,1.0382,-0.08,0.046,4.63,262312.0,26588133.487,0.994,1.04,0.989,0.993,5.14,8.33,1.71,-34.42,151705.0,110607.0,1333691.0,5.02,-162257.0,-0.61,1495948.0,5.63,-541461.0,-2.04,-792229.0,-2.98,135.0,1.038,1.039,314997616.0,327282523,327282523,2024-09-26,2024-09-26 15:00:06+08:00
227,560880,家电ETF龙头,1.221,1.2208,-0.02,0.054,4.63,241988.0,28807266.0,1.172,1.223,1.165,1.167,4.97,4.7,1.31,-18.74,165731.0,76257.0,-155479.0,-0.54,-4350366.0,-15.1,4194887.0,14.56,65880.0,0.23,89598.0,0.31,179.0,1.221,1.222,514732000.0,628487772,628487772,2024-09-26,2024-09-26 15:00:42+08:00
228,159673,沪深300ETF鹏华,0.95,0.9469,-0.33,0.042,4.63,2025728.0,186253789.7,0.911,0.95,0.905,0.908,4.96,5.83,0.92,23.23,1386197.0,639531.0,227555.0,0.12,11038055.0,5.93,-10810500.0,-5.8,-241602.0,-0.13,14047.0,0.01,220.0,0.949,0.95,3477528384.0,3303651965,3303651965,2024-09-26,2024-09-26 15:00:06+08:00
229,515380,沪深300ETF泰康,3.982,3.9629,-0.48,0.176,4.62,434142.0,168827168.0,3.8,3.988,3.74,3.806,6.52,4.89,1.35,47.25,229129.0,205013.0,9519672.0,5.64,-1988976.0,-1.18,11508648.0,6.82,-5389928.0,-3.19,-4129744.0,-2.45,-2.0,3.984,3.988,887499808.0,3534024235,3534024235,2024-09-26,2024-09-26 15:00:43+08:00
230,513750,港股非银ETF,1.064,1.0657,0.16,0.047,4.62,1829848.0,191259231.0,1.027,1.065,1.017,1.017,4.72,51.06,2.04,-23.57,1100143.0,729705.0,-5800828.0,-3.03,-5502582.0,-2.88,-298246.0,-0.16,1048854.0,0.55,4751972.0,2.48,-317.0,1.064,1.065,358338000.0,381271632,381271632,2024-09-26,2024-09-26 15:00:42+08:00
231,159616,农牧ETF,0.634,0.6335,-0.08,0.028,4.62,59392.0,3659948.57,0.617,0.635,0.604,0.606,5.12,5.57,1.49,47.26,38169.0,21223.0,604082.0,16.51,477637.0,13.05,126445.0,3.45,-330182.0,-9.02,-273900.0,-7.48,-80.0,0.634,0.635,106561112.0,67559745,67559745,2024-09-26,2024-09-26 15:00:06+08:00
232,159847,医疗50ETF,0.34,0.3404,0.12,0.015,4.62,761170.0,25082206.0,0.324,0.341,0.32,0.325,6.46,4.01,2.1,36.49,466374.0,294796.0,1586449.0,6.32,2111583.0,8.42,-525134.0,-2.09,-859219.0,-3.43,-727230.0,-2.9,-1797.0,0.34,0.341,1899825360.0,645940622,645940622,2024-09-26,2024-09-26 15:00:06+08:00
233,159958,创业板ETF工银,1.021,1.0192,-0.18,0.045,4.61,58732.0,5813556.9,0.976,1.023,0.966,0.976,5.84,3.0,1.5,75.55,28212.0,30520.0,423934.0,7.29,614938.0,10.58,-191004.0,-3.29,-194907.0,-3.35,-229027.0,-3.94,-68.0,1.021,1.022,195811448.0,199923488,199923488,2024-09-26,2024-09-26 15:00:06+08:00
234,512550,A50ETF基金,1.431,1.4266,-0.31,0.063,4.61,121367.0,16843277.0,1.367,1.432,1.363,1.368,5.04,5.49,1.5,49.12,69406.0,51961.0,-1168305.0,-6.94,263021.0,1.56,-1431326.0,-8.5,1187762.0,7.05,-19457.0,-0.12,1.0,1.43,1.431,220906000.0,316116486,316116486,2024-09-26,2024-09-26 15:00:41+08:00
235,561980,半导体设备ETF,0.886,0.8808,-0.59,0.039,4.6,349712.0,29950591.0,0.841,0.887,0.839,0.847,5.67,15.33,1.28,48.87,181155.0,168557.0,856311.0,2.86,3666376.0,12.24,-2810065.0,-9.38,-438058.0,-1.46,-418252.0,-1.4,-121.0,0.886,0.887,228110000.0,202105460,202105460,2024-09-26,2024-09-26 15:00:41+08:00
236,516640,芯片龙头ETF,0.5,0.4991,-0.18,0.022,4.6,984955.0,48095390.0,0.478,0.5,0.476,0.478,5.02,4.72,1.99,-0.61,610497.0,374458.0,6639178.0,13.8,12977668.0,26.98,-6338490.0,-13.18,-6000326.0,-12.48,-638852.0,-1.33,7.0,0.499,0.5,2086482800.0,1043241400,1043241400,2024-09-26,2024-09-26 15:00:41+08:00
237,516020,化工ETF,0.569,0.5689,-0.02,0.025,4.6,608834.0,33894619.0,0.543,0.57,0.543,0.544,4.96,8.52,1.42,-91.2,333901.0,274933.0,1267465.0,3.74,-1187265.0,-3.5,2454730.0,7.24,-795338.0,-2.35,-472126.0,-1.39,-27.0,0.569,0.57,714826208.0,406736112,406736112,2024-09-26,2024-09-26 15:00:42+08:00
238,561120,家电ETF,1.047,1.0452,-0.17,0.046,4.6,79019.0,8041467.0,0.996,1.047,0.996,1.001,5.09,6.6,0.67,54.55,35015.0,44004.0,720663.0,8.96,705564.0,8.77,15099.0,0.19,-274905.0,-3.42,-445758.0,-5.54,-25.0,1.047,1.048,119659900.0,125283915,125283915,2024-09-26,2024-09-26 15:00:41+08:00
239,159929,医药ETF,1.185,1.1829,-0.18,0.052,4.59,696114.0,80129632.78,1.128,1.185,1.122,1.133,5.56,4.62,1.5,-3.26,405166.0,290948.0,3144966.0,3.92,333811.0,0.42,2811155.0,3.51,-535599.0,-0.67,-2609367.0,-3.26,-13580.0,1.185,1.186,1506204208.0,1784851986,1784851986,2024-09-26,2024-09-26 15:00:06+08:00
240,512090,MSCIA股ETF易方达,1.413,1.4071,-0.42,0.062,4.59,105242.0,14429358.0,1.347,1.413,1.347,1.351,4.89,3.42,1.52,15.66,66138.0,39104.0,-356656.0,-2.47,0.0,0.0,-356656.0,-2.47,560443.0,3.88,-203786.0,-1.41,9.0,1.412,1.413,307592304.0,434627926,434627926,2024-09-26,2024-09-26 15:00:43+08:00
241,561950,500指数增强ETF,0.889,0.8855,-0.4,0.039,4.59,154074.0,13383824.0,0.858,0.889,0.847,0.85,4.94,14.25,1.46,24.94,83562.0,70512.0,419178.0,3.13,829131.0,6.2,-409953.0,-3.06,-220391.0,-1.65,-198788.0,-1.49,10.0,0.885,0.889,108156000.0,96150684,96150684,2024-09-26,2024-09-26 15:00:41+08:00
242,159633,中证1000指数ETF,2.006,1.9941,-0.6,0.088,4.59,1098545.0,214756462.857,1.915,2.006,1.91,1.918,5.01,10.53,1.58,27.48,660124.0,438421.0,20362136.0,9.48,-12886646.0,-6.0,33248782.0,15.48,-15195141.0,-7.08,-5166996.0,-2.41,-3892.0,2.006,2.007,1043162656.0,2092584288,2092584288,2024-09-26,2024-09-26 15:00:06+08:00
243,510180,上证180ETF,3.467,3.4672,0.01,0.152,4.59,265183.0,89429727.0,3.318,3.471,3.312,3.315,4.8,0.46,1.0,-17.66,142766.0,122417.0,12162364.0,13.6,3023355.0,3.38,9139009.0,10.22,-5117479.0,-5.72,-7044884.0,-7.88,-10.0,3.47,3.471,5804557824.0,20124401976,20124401976,2024-09-26,2024-09-26 15:00:43+08:00
244,159952,创业板ETF广发,1.028,1.0269,-0.11,0.045,4.58,2352026.0,234049911.1,0.978,1.028,0.973,0.983,5.6,3.81,1.06,-25.82,1176472.0,1175554.0,21864531.0,9.34,41738742.0,17.83,-19874211.0,-8.49,-12471594.0,-5.33,-9392937.0,-4.01,21478.0,1.027,1.028,6180685056.0,6353744238,6353744238,2024-09-26,2024-09-26 15:00:06+08:00
245,159682,创业50ETF,0.733,0.7327,-0.04,0.032,4.56,3841163.0,276738005.398,0.696,0.734,0.693,0.701,5.85,11.92,1.91,-5.43,2864251.0,976912.0,-5060442.0,-1.83,5097084.0,1.84,-10157526.0,-3.67,5899781.0,2.13,-839339.0,-0.3,-23574.0,0.733,0.734,3222307664.0,2361951518,2361951518,2024-09-26,2024-09-26 15:00:06+08:00
246,561300,300增强ETF,0.757,0.7548,-0.29,0.033,4.56,1633372.0,121620705.0,0.724,0.757,0.721,0.724,4.97,5.18,1.21,30.71,1217719.0,415653.0,6654948.0,5.47,-15419968.0,-12.68,22074916.0,18.15,-4915403.0,-4.04,-1739546.0,-1.43,3.0,0.756,0.757,3154965008.0,2388308511,2388308511,2024-09-26,2024-09-26 15:00:43+08:00
247,159966,创业板价值ETF,0.39,0.3878,-0.57,0.017,4.56,113328.0,4325002.075,0.374,0.39,0.369,0.373,5.63,1.08,1.5,90.1,72634.0,40694.0,202179.0,4.67,1800411.0,41.63,-1598232.0,-36.95,-64509.0,-1.49,-137670.0,-3.18,863.0,0.388,0.39,1047899520.0,408680813,408680813,2024-09-26,2024-09-26 15:00:06+08:00
248,515590,500等权ETF,1.216,1.2198,0.31,0.053,4.56,6670.0,795325.0,1.158,1.216,1.158,1.163,4.99,3.02,0.07,-0.47,6315.0,355.0,77893.0,9.79,0.0,0.0,77893.0,9.79,-61254.0,-7.7,-16639.0,-2.09,6.0,1.217,1.218,22113700.0,26890259,26890259,2024-09-26,2024-09-26 15:00:41+08:00
249,512870,杭州湾区ETF,1.01,1.0115,0.15,0.044,4.55,1151.0,114335.0,0.965,1.01,0.965,0.966,4.66,0.38,2.66,-0.15,686.0,465.0,60844.0,53.22,0.0,0.0,60844.0,53.22,-35093.0,-30.69,-25750.0,-22.52,39.0,1.007,1.01,30410600.0,30714706,30714706,2024-09-26,2024-09-26 15:00:40+08:00
250,159800,中证800ETF,1.033,1.03,-0.29,0.045,4.55,178769.0,18116042.768,0.984,1.035,0.984,0.988,5.16,10.72,1.73,-30.99,128162.0,50606.0,5814437.0,32.1,5592474.0,30.87,221963.0,1.23,-3970911.0,-21.92,-1843526.0,-10.18,294.0,1.03,1.033,166736802.0,172239116,172239116,2024-09-26,2024-09-26 15:00:06+08:00
251,560260,医疗ETF龙头,0.735,0.7365,0.2,0.032,4.55,260052.0,18348159.0,0.703,0.737,0.692,0.703,6.4,1.38,2.34,88.53,104429.0,155623.0,4382207.0,23.88,1706559.0,9.3,2675648.0,14.58,-4450847.0,-24.26,68640.0,0.37,-452.0,0.735,0.737,1877664704.0,1380083557,1380083557,2024-09-26,2024-09-26 15:00:41+08:00
252,516830,300ESGETF,0.758,0.7562,-0.24,0.033,4.55,176459.0,13080971.0,0.726,0.758,0.725,0.725,4.55,7.68,1.39,4.52,84487.0,91972.0,832512.0,6.36,2614558.0,19.99,-1782046.0,-13.62,-683457.0,-5.22,-149054.0,-1.14,20.0,0.737,0.76,229676900.0,174095090,174095090,2024-09-26,2024-09-26 15:00:40+08:00
253,561500,漂亮50ETF,0.575,0.5747,-0.05,0.025,4.55,17731.0,987109.0,0.55,0.575,0.548,0.55,4.91,1.59,0.27,30.94,10537.0,7194.0,121966.0,12.36,0.0,0.0,121966.0,12.36,-20277.0,-2.05,-101689.0,-10.3,10.0,0.574,0.575,111600300.0,64170173,64170173,2024-09-26,2024-09-26 15:00:43+08:00
254,515980,人工智能ETF,0.736,0.7341,-0.26,0.032,4.55,994164.0,71337204.0,0.704,0.737,0.701,0.704,5.11,4.63,1.28,-31.8,645998.0,348166.0,13985915.0,19.61,11701766.0,16.4,2284149.0,3.2,-8034571.0,-11.26,-5951344.0,-8.34,-2488.0,0.736,0.737,2146064496.0,1579503469,1579503469,2024-09-26,2024-09-26 15:00:41+08:00
255,159964,创业板ETF平安,1.104,1.1021,-0.17,0.048,4.55,84067.0,8948624.5,1.056,1.104,1.045,1.056,5.59,1.95,1.42,25.49,45830.0,38237.0,1088257.0,12.16,1854796.0,20.73,-766539.0,-8.57,-953839.0,-10.66,-134417.0,-1.5,453.0,1.103,1.104,431481888.0,476356004,476356004,2024-09-26,2024-09-26 15:00:06+08:00
256,159933,国投金融地产ETF,2.484,2.4877,0.15,0.108,4.55,265.0,64764.96,2.388,2.484,2.388,2.376,4.04,0.04,0.53,95.33,154.0,111.0,0.0,0.0,0.0,0.0,0.0,0.0,34062.0,52.59,-34062.0,-52.59,24.0,2.484,2.49,60378943.0,149981294,149981294,2024-09-26,2024-09-26 15:00:06+08:00
257,159350,深证50ETF富国,1.036,1.0353,-0.07,0.045,4.54,608079.0,61280876.386,0.988,1.039,0.986,0.991,5.35,6.7,1.15,23.82,319637.0,288442.0,1854445.0,3.03,4542478.0,7.41,-2688033.0,-4.39,-853159.0,-1.39,-1001287.0,-1.63,-2536.0,1.036,1.04,908009648.0,940697995,940697995,2024-09-26,2024-09-26 15:00:06+08:00
258,588020,科创成长50ETF,0.783,0.7829,-0.01,0.034,4.54,179525.0,13644466.0,0.75,0.783,0.746,0.749,4.94,8.72,1.71,45.52,101588.0,77937.0,601034.0,4.4,1627170.0,11.93,-1026136.0,-7.52,-181541.0,-1.33,-419492.0,-3.07,300.0,0.781,0.784,205791000.0,161134353,161134353,2024-09-26,2024-09-26 15:00:41+08:00
259,516810,农业50ETF,0.623,0.6242,0.19,0.027,4.53,97583.0,5929884.0,0.598,0.623,0.594,0.596,4.87,4.82,1.19,-80.61,42771.0,54812.0,408374.0,6.89,595345.0,10.04,-186971.0,-3.15,-127739.0,-2.15,-280635.0,-4.73,-60.0,0.623,0.624,202478900.0,126144355,126144355,2024-09-26,2024-09-26 15:00:40+08:00
260,516120,化工50ETF,0.577,0.5775,0.09,0.025,4.53,271332.0,15204386.0,0.555,0.577,0.552,0.552,4.53,8.98,1.34,63.7,151127.0,120205.0,803007.0,5.28,2626224.0,17.27,-1823217.0,-11.99,-545973.0,-3.59,-257034.0,-1.69,20.0,0.576,0.577,302082000.0,174301314,174301314,2024-09-26,2024-09-26 15:00:40+08:00
261,516190,文娱传媒ETF,0.785,0.7857,0.09,0.034,4.53,91351.0,7015733.0,0.755,0.785,0.748,0.751,4.93,29.93,2.53,-90.99,41606.0,49745.0,176778.0,2.52,-1935223.0,-27.58,2112001.0,30.1,-23844.0,-0.34,-152933.0,-2.18,10.0,0.778,0.786,30518500.0,23957023,23957023,2024-09-26,2024-09-26 15:00:42+08:00
262,510660,医药卫生ETF,1.941,1.9469,0.3,0.084,4.52,22417.0,4212537.0,1.858,1.941,1.846,1.857,5.12,4.73,1.85,57.4,14406.0,8011.0,1613592.0,38.3,0.0,0.0,1613592.0,38.3,-1113868.0,-26.44,-499725.0,-11.86,-50.0,1.937,1.941,47379700.0,91963998,91963998,2024-09-26,2024-09-26 15:00:43+08:00
263,159891,医疗ETF基金,0.393,0.3931,0.03,0.017,4.52,113327.0,4323345.496,0.375,0.393,0.371,0.376,5.85,3.93,2.22,-74.39,84111.0,29216.0,64908.0,1.5,857728.0,19.84,-792820.0,-18.34,15178.0,0.35,-80086.0,-1.85,10.0,0.392,0.393,288024832.0,113193759,113193759,2024-09-26,2024-09-26 15:00:06+08:00
264,515800,800ETF,0.902,0.9013,-0.08,0.039,4.52,3205260.0,285919134.0,0.858,0.904,0.858,0.863,5.33,4.88,2.66,3.76,2201251.0,1004009.0,3721585.0,1.3,-4101883.0,-1.43,7823468.0,2.74,-2866598.0,-1.0,-854987.0,-0.3,-1.0,0.902,0.904,6570937088.0,5926985253,5926985253,2024-09-26,2024-09-26 15:00:43+08:00
265,159619,基建ETF,0.902,0.904,0.22,0.039,4.52,199930.0,17609141.007,0.863,0.903,0.859,0.863,5.1,9.61,0.82,4.57,100270.0,99659.0,-182002.0,-1.03,-864674.0,-4.91,682672.0,3.88,145327.0,0.83,36677.0,0.21,663.0,0.901,0.902,207981007.0,187598868,187598868,2024-09-26,2024-09-26 15:00:06+08:00
266,561510,中医药ETF,0.995,0.9955,0.05,0.043,4.52,98302.0,9515404.0,0.952,0.995,0.948,0.952,4.94,10.01,1.3,-3.23,51964.0,46338.0,1158709.0,12.18,883654.0,9.29,275055.0,2.89,-923413.0,-9.7,-235296.0,-2.47,20.0,0.993,0.994,98206000.0,97714970,97714970,2024-09-26,2024-09-26 15:00:41+08:00
267,512750,基本面50ETF,1.319,1.3173,-0.13,0.057,4.52,99888.0,12839475.0,1.262,1.319,1.261,1.262,4.6,10.7,1.17,0.84,48584.0,51304.0,869528.0,6.77,375882.0,2.93,493646.0,3.84,-568353.0,-4.43,-301175.0,-2.35,2000.0,1.318,1.32,93354900.0,123135113,123135113,2024-09-26,2024-09-26 15:00:42+08:00
268,159943,深证成指ETF,0.949,0.9474,-0.17,0.041,4.52,342409.0,31578218.148,0.903,0.949,0.902,0.908,5.18,14.14,1.64,59.51,220384.0,122026.0,8605615.0,27.25,5678400.0,17.98,2927215.0,9.27,-5988580.0,-18.96,-2617035.0,-8.29,-3944.0,0.949,0.95,242229922.0,229876196,229876196,2024-09-26,2024-09-26 15:00:06+08:00
269,560110,中证1000ETF基金,0.718,0.7145,-0.49,0.031,4.51,959319.0,67867561.0,0.688,0.72,0.685,0.687,5.09,23.23,2.86,-24.46,488959.0,470360.0,1129574.0,1.66,-7443310.0,-10.97,8572884.0,12.63,-806249.0,-1.19,-323324.0,-0.48,-16.0,0.718,0.72,412903504.0,296464716,296464716,2024-09-26,2024-09-26 15:00:41+08:00
270,563030,中证500ETF增强,0.857,0.8601,0.36,0.037,4.51,62355.0,5228961.0,0.828,0.858,0.815,0.82,5.24,2.42,0.92,-15.21,30636.0,31719.0,648807.0,12.41,0.0,0.0,648807.0,12.41,-420878.0,-8.05,-227929.0,-4.36,-58.0,0.857,0.858,257669000.0,220822333,220822333,2024-09-26,2024-09-26 15:00:40+08:00
271,510370,300指数ETF,0.789,0.7874,-0.2,0.034,4.5,42839.0,3315619.0,0.757,0.789,0.752,0.755,4.9,3.85,1.39,-68.58,31185.0,11654.0,-209611.0,-6.32,34452.0,1.04,-244063.0,-7.36,180108.0,5.43,29503.0,0.89,2.0,0.786,0.789,111258100.0,87782641,87782641,2024-09-26,2024-09-26 15:00:40+08:00
272,562900,现代农业ETF,0.673,0.6743,0.19,0.029,4.5,162886.0,10584419.0,0.647,0.673,0.639,0.644,5.28,20.44,1.18,70.06,100203.0,62683.0,500797.0,4.73,510410.0,4.82,-9613.0,-0.09,-313027.0,-2.96,-187771.0,-1.77,100.0,0.672,0.673,79706300.0,53642340,53642340,2024-09-26,2024-09-26 15:00:43+08:00
273,513860,港股通科技ETF,0.488,0.4916,0.73,0.021,4.5,1571519.0,75405229.0,0.471,0.489,0.469,0.467,4.28,9.8,0.84,-22.45,919870.0,651649.0,3056525.0,4.05,7501106.0,9.95,-4444581.0,-5.89,-1706587.0,-2.26,-1349939.0,-1.79,-1012.0,0.488,0.489,1603470608.0,782493657,782493657,2024-09-26,2024-09-26 15:00:42+08:00
274,512910,中证100ETF,0.931,0.9274,-0.39,0.04,4.49,211232.0,19092700.0,0.891,0.931,0.888,0.891,4.83,3.04,1.75,-12.66,138804.0,72428.0,-123276.0,-0.65,1310417.0,6.86,-1433693.0,-7.51,709412.0,3.72,-586136.0,-3.07,11.0,0.929,0.931,695128800.0,647164913,647164913,2024-09-26,2024-09-26 15:00:42+08:00
275,159538,信创ETF富国,0.815,0.8126,-0.3,0.035,4.49,83350.0,6611826.6,0.786,0.815,0.777,0.78,4.87,19.25,1.11,-22.27,43730.0,39620.0,243001.0,3.68,0.0,0.0,243001.0,3.68,-167564.0,-2.53,-75438.0,-1.14,-1.0,0.815,0.817,43304483.0,35293154,35293154,2024-09-26,2024-09-26 15:00:06+08:00
276,159643,疫苗ETF,0.559,0.5584,-0.11,0.024,4.49,310497.0,16705895.86,0.538,0.56,0.531,0.535,5.42,29.18,1.13,-82.56,152959.0,157538.0,609801.0,3.65,159002.0,0.95,450799.0,2.7,-559294.0,-3.35,-50506.0,-0.3,200.0,0.558,0.559,106390617.0,59472355,59472355,2024-09-26,2024-09-26 15:00:06+08:00
277,516720,ESGETF,0.816,0.815,-0.12,0.035,4.48,67058.0,5371382.0,0.781,0.817,0.78,0.781,4.74,17.05,2.71,0.16,33938.0,33120.0,-28037.0,-0.52,0.0,0.0,-28037.0,-0.52,-29243.0,-0.54,57280.0,1.07,2454.0,0.815,0.818,39337800.0,32099645,32099645,2024-09-26,2024-09-26 15:00:41+08:00
278,563330,A股ETF,0.935,0.9326,-0.26,0.04,4.47,187329.0,17102628.0,0.895,0.936,0.894,0.895,4.69,14.25,0.94,98.68,112690.0,74639.0,759354.0,4.44,202480.0,1.18,556874.0,3.26,-432182.0,-2.53,-327171.0,-1.91,-30.0,0.933,0.937,131421000.0,122878635,122878635,2024-09-26,2024-09-26 15:00:41+08:00
279,517800,人工智能50ETF,0.561,0.5628,0.32,0.024,4.47,93051.0,5117422.0,0.535,0.561,0.534,0.537,5.03,4.81,1.46,51.42,68393.0,24658.0,445218.0,8.7,597821.0,11.68,-152603.0,-2.98,-138850.0,-2.71,-306370.0,-5.99,3.0,0.56,0.561,193539700.0,108575772,108575772,2024-09-26,2024-09-26 15:00:40+08:00
280,563350,中证A50ETF,1.052,1.0491,-0.28,0.045,4.47,1014997.0,103877970.0,1.007,1.053,1.004,1.007,4.87,4.5,1.25,88.52,654420.0,360577.0,9320116.0,8.97,8066382.0,7.77,1253734.0,1.21,-5937334.0,-5.72,-3382781.0,-3.26,5000.0,1.05,1.052,2255997600.0,2373309475,2373309475,2024-09-26,2024-09-26 15:00:42+08:00
281,510190,上证50ETF指数基金,3.555,3.5568,0.05,0.152,4.47,23204.0,8011990.0,3.41,3.556,3.369,3.403,5.5,5.64,1.47,-12.3,15060.0,8144.0,155417.0,1.94,0.0,0.0,155417.0,1.94,111062.0,1.39,-266478.0,-3.33,86.0,3.552,3.555,41150800.0,146291094,146291094,2024-09-26,2024-09-26 15:00:42+08:00
282,159629,1000ETF,1.989,1.9816,-0.37,0.085,4.46,2745475.0,535625868.479,1.892,1.989,1.892,1.904,5.09,6.59,1.76,39.4,1854078.0,891397.0,-5712488.0,-1.07,-174620532.0,-32.6,168908044.0,31.53,8986498.0,1.68,-3274005.0,-0.61,2968.0,1.988,1.989,4165252656.0,8284687533,8284687533,2024-09-26,2024-09-26 15:00:06+08:00
283,159850,恒生国企ETF,0.703,0.7018,-0.17,0.03,4.46,1281810.0,88718906.173,0.678,0.703,0.676,0.673,4.01,8.65,2.1,56.91,757412.0,524398.0,1895313.0,2.14,-2206783.0,-2.49,4102096.0,4.62,-311105.0,-0.35,-1584206.0,-1.79,3970.0,0.702,0.703,1482706496.0,1042342667,1042342667,2024-09-26,2024-09-26 15:00:06+08:00
284,515530,中证500ETF泰康,2.65,2.6368,-0.5,0.113,4.45,74342.0,19158584.0,2.531,2.65,2.531,2.537,4.69,27.09,1.88,32.71,43472.0,30870.0,-1528612.0,-7.98,-313179.0,-1.63,-1215433.0,-6.34,1398831.0,7.3,129783.0,0.68,500.0,2.644,2.65,27442700.0,72723155,72723155,2024-09-26,2024-09-26 15:00:41+08:00
285,159935,中证500ETF景顺,1.55,1.5441,-0.38,0.066,4.45,8050.0,1220017.4,1.481,1.55,1.481,1.484,4.65,2.72,1.99,-28.36,2543.0,5507.0,496811.0,40.72,0.0,0.0,496811.0,40.72,-518189.0,-42.47,21379.0,1.75,-50.0,1.55,1.56,29572956.0,45838082,45838082,2024-09-26,2024-09-26 15:00:06+08:00
286,516300,中证1000指数ETF,0.823,0.8135,-1.17,0.035,4.44,319061.0,25572711.0,0.79,0.83,0.785,0.788,5.71,16.87,1.56,-93.6,199540.0,119521.0,3439901.0,13.45,-671910.0,-2.63,4111811.0,16.08,-3152443.0,-12.33,-287457.0,-1.12,3.0,0.816,0.819,189102200.0,155631111,155631111,2024-09-26,2024-09-26 15:00:43+08:00
287,159883,医疗器械ETF,0.447,0.4467,-0.07,0.019,4.44,1036241.0,44632634.6,0.427,0.447,0.421,0.428,6.07,2.89,1.47,10.07,597965.0,438276.0,3184183.0,7.13,6199099.0,13.89,-3014916.0,-6.75,-2214115.0,-4.96,-970068.0,-2.17,6753.0,0.446,0.447,3582037840.0,1601170914,1601170914,2024-09-26,2024-09-26 15:00:06+08:00
288,159949,创业板50ETF,0.754,0.7549,0.12,0.032,4.43,14419651.0,1058278346.029,0.719,0.755,0.714,0.722,5.68,6.27,1.34,-11.0,8373425.0,6046226.0,68846096.0,6.51,58266880.0,5.51,10579216.0,1.0,-41673628.0,-3.94,-27172473.0,-2.57,-212019.0,0.754,0.755,22979785216.0,17326758053,17326758053,2024-09-26,2024-09-26 15:00:06+08:00
289,159908,创业板ETF博时,1.58,1.5799,-0.01,0.067,4.43,122193.0,18741736.0,1.515,1.58,1.497,1.513,5.49,1.19,0.48,45.96,69523.0,52670.0,3072779.0,16.4,2489091.0,13.28,583688.0,3.11,-951317.0,-5.08,-2121463.0,-11.32,-1967.0,1.58,1.581,1029229024.0,1626181858,1626181858,2024-09-26,2024-09-26 15:00:06+08:00
290,562930,软件30ETF,0.566,0.5673,0.23,0.024,4.43,63859.0,3536967.0,0.537,0.567,0.533,0.542,6.27,12.66,1.84,-88.94,43862.0,19997.0,350449.0,9.91,347468.0,9.82,2981.0,0.08,-290602.0,-8.22,-59848.0,-1.69,-4410.0,0.564,0.566,50437000.0,28547342,28547342,2024-09-26,2024-09-26 15:00:43+08:00
291,159819,人工智能ETF,0.684,0.6829,-0.16,0.029,4.43,4403658.0,293953500.026,0.656,0.684,0.653,0.655,4.73,5.41,1.33,15.91,2687535.0,1716123.0,47130379.0,16.03,64749686.0,22.03,-17619307.0,-5.99,-32260140.0,-10.97,-14870241.0,-5.06,-56315.0,0.684,0.685,8134229760.0,5563813156,5563813156,2024-09-26,2024-09-26 15:00:06+08:00
292,159838,医药50ETF,0.496,0.4985,0.5,0.021,4.42,125103.0,6058724.5,0.475,0.497,0.47,0.475,5.68,3.27,1.95,-45.72,78012.0,47091.0,326871.0,5.4,-211492.0,-3.49,538363.0,8.89,-74076.0,-1.22,-252795.0,-4.17,1503.0,0.493,0.496,382763456.0,189850674,189850674,2024-09-26,2024-09-26 15:00:06+08:00
293,512980,传媒ETF,0.638,0.6361,-0.3,0.027,4.42,1758350.0,108994865.0,0.61,0.638,0.607,0.611,5.07,3.17,1.45,3.84,985926.0,772424.0,17554248.0,16.11,19132163.0,17.55,-1577915.0,-1.45,-11887395.0,-10.91,-5666853.0,-5.2,1341.0,0.637,0.638,5543924480.0,3537023818,3537023818,2024-09-26,2024-09-26 15:00:43+08:00
294,510770,G60创新ETF,0.449,0.4471,-0.42,0.019,4.42,71839.0,3126237.0,0.425,0.45,0.422,0.43,6.51,22.37,1.76,87.16,41199.0,30640.0,16605.0,0.53,51388.0,1.64,-34783.0,-1.11,23808.0,0.76,-40412.0,-1.29,-1.0,0.449,0.45,32110700.0,14417704,14417704,2024-09-26,2024-09-26 15:00:43+08:00
295,159948,创业板ETF南方,1.867,1.8672,0.01,0.079,4.42,278754.0,50596753.1,1.788,1.869,1.77,1.788,5.54,1.62,1.85,31.49,136080.0,142674.0,3070033.0,6.07,6011114.0,11.88,-2941081.0,-5.81,-1671821.0,-3.3,-1398212.0,-2.76,-442.0,1.867,1.869,1725697728.0,3221877658,3221877658,2024-09-26,2024-09-26 15:00:06+08:00
296,159578,深证主板50ETF南方,0.993,0.9956,0.26,0.042,4.42,55312.0,5408349.96,0.929,0.993,0.929,0.951,6.73,5.42,2.08,38.66,41849.0,13463.0,1192475.0,22.05,3513590.0,64.97,-2321115.0,-42.92,-877259.0,-16.22,-315217.0,-5.83,204.0,0.992,0.993,101998831.0,101284839,101284839,2024-09-26,2024-09-26 15:00:03+08:00
297,159870,化工ETF,0.544,0.5444,0.07,0.023,4.41,1192645.0,63631228.384,0.519,0.546,0.519,0.521,5.18,4.46,1.72,-62.66,751239.0,441406.0,8751347.0,13.75,-326299.0,-0.51,9077646.0,14.27,-4821743.0,-7.58,-3929604.0,-6.18,-4541.0,0.544,0.545,2672607024.0,1453898221,1453898221,2024-09-26,2024-09-26 15:00:06+08:00
298,159969,深100ETF银华,1.041,1.0388,-0.21,0.044,4.41,25515.0,2601185.0,1.026,1.041,0.994,0.997,4.71,14.25,1.87,-7.01,14170.0,11345.0,-207134.0,-7.96,0.0,0.0,-207134.0,-7.96,173668.0,6.68,33466.0,1.29,3.0,1.037,1.041,17903014.0,18637038,18637038,2024-09-26,2024-09-26 15:00:03+08:00
299,159675,创业板增强ETF,0.71,0.7108,0.11,0.03,4.41,120830.0,8361039.1,0.68,0.711,0.672,0.68,5.74,5.99,1.55,88.8,81539.0,39291.0,1267913.0,15.16,0.0,0.0,1267913.0,15.16,-973882.0,-11.65,-294030.0,-3.52,-1739.0,0.71,0.711,201846691.0,143311151,143311151,2024-09-26,2024-09-26 15:00:06+08:00
300,159661,中证A100指数ETF,1.045,1.0436,-0.13,0.044,4.4,103346.0,10503904.5,1.004,1.046,0.999,1.001,4.7,29.78,1.9,15.66,56609.0,46737.0,-546848.0,-5.21,0.0,0.0,-546848.0,-5.21,456671.0,4.35,90178.0,0.86,1000.0,1.042,1.045,34708213.0,36270083,36270083,2024-09-26,2024-09-26 15:00:06+08:00
301,560660,云50ETF,0.784,0.7842,0.03,0.033,4.39,35515.0,2719795.0,0.748,0.785,0.748,0.751,4.93,3.55,1.32,-40.02,19336.0,16179.0,595431.0,21.89,10920.0,0.4,584511.0,21.49,-353814.0,-13.01,-241616.0,-8.88,10.0,0.781,0.784,99969000.0,78375696,78375696,2024-09-26,2024-09-26 15:00:42+08:00
302,562590,半导体材料ETF,0.809,0.8054,-0.45,0.034,4.39,101098.0,7919357.0,0.774,0.81,0.766,0.775,5.68,11.15,1.87,17.15,56219.0,44879.0,1474836.0,18.62,730449.0,9.22,744387.0,9.4,-996818.0,-12.59,-478018.0,-6.04,120.0,0.805,0.806,90663000.0,73346367,73346367,2024-09-26,2024-09-26 15:00:43+08:00
303,512760,芯片ETF,0.762,0.7608,-0.16,0.032,4.38,5787589.0,429645515.0,0.727,0.763,0.725,0.73,5.21,3.61,1.7,18.25,3343295.0,2444294.0,33922009.0,7.9,34143518.0,7.95,-221509.0,-0.05,-21031364.0,-4.9,-12890645.0,-3.0,-10.0,0.763,0.764,16037122816.0,12220287586,12220287586,2024-09-26,2024-09-26 15:00:41+08:00
304,513900,港股通100ETF,0.811,0.8152,0.52,0.034,4.38,264407.0,21040560.0,0.78,0.812,0.78,0.777,4.12,16.22,1.32,-27.34,153902.0,110505.0,588101.0,2.8,1644022.0,7.81,-1055921.0,-5.02,-263970.0,-1.25,-324130.0,-1.54,-70.0,0.809,0.812,162978000.0,132175158,132175158,2024-09-26,2024-09-26 15:00:40+08:00
305,159808,创100ETF融通,0.645,0.6473,0.36,0.027,4.37,33952.0,2148880.792,0.618,0.645,0.612,0.618,5.34,3.16,2.47,13.21,24275.0,9677.0,260128.0,12.11,0.0,0.0,260128.0,12.11,-121514.0,-5.65,-138614.0,-6.45,-7.0,0.645,0.646,107484790.0,69327690,69327690,2024-09-26,2024-09-26 15:00:06+08:00
306,159859,生物医药ETF,0.335,0.3361,0.33,0.014,4.36,3804462.0,124252943.7,0.32,0.336,0.318,0.321,5.61,4.66,1.44,-63.33,2413253.0,1391209.0,10643123.0,8.57,15458290.0,12.44,-4815167.0,-3.88,-8450041.0,-6.8,-2193081.0,-1.77,64833.0,0.334,0.335,8172440064.0,2737767421,2737767421,2024-09-26,2024-09-26 15:00:06+08:00
307,560180,ESG300ETF,0.91,0.9099,-0.01,0.038,4.36,98776.0,8772088.0,0.872,0.91,0.871,0.872,4.47,12.25,1.52,18.8,53666.0,45110.0,471965.0,5.38,0.0,0.0,471965.0,5.38,-420020.0,-4.79,-51945.0,-0.59,2600.0,0.908,0.917,80603000.0,73348730,73348730,2024-09-26,2024-09-26 15:00:42+08:00
308,159310,芯片产业ETF,0.958,0.9609,0.3,0.04,4.36,93182.0,8708182.623,0.918,0.958,0.913,0.918,4.9,1.4,3.31,-71.47,84420.0,8762.0,797340.0,9.16,-2057621.0,-23.63,2854961.0,32.78,-651927.0,-7.49,-145413.0,-1.67,-2202.0,0.958,0.959,666981088.0,638967882,638967882,2024-09-26,2024-09-26 15:00:06+08:00
309,516220,化工龙头ETF,0.599,0.6003,0.22,0.025,4.36,323475.0,18792494.0,0.575,0.6,0.574,0.574,4.53,16.92,1.01,9.63,184037.0,139438.0,264169.0,1.41,468904.0,2.5,-204735.0,-1.09,-27109.0,-0.14,-237062.0,-1.26,-11.0,0.598,0.599,191170000.0,114510830,114510830,2024-09-26,2024-09-26 15:00:40+08:00
310,159970,深100ETF工银,4.149,4.1513,0.06,0.173,4.35,2858.0,1163115.3,3.976,4.152,3.972,3.976,4.53,9.71,3.14,-77.57,2224.0,634.0,0.0,0.0,0.0,0.0,0.0,0.0,-114122.0,-9.81,114121.0,9.81,-15.0,4.068,4.179,2944784.0,12217909,12217909,2024-09-26,2024-09-26 15:00:03+08:00
311,159995,芯片ETF,0.816,0.8149,-0.13,0.034,4.35,7659693.0,608249793.962,0.78,0.816,0.776,0.782,5.12,2.84,1.6,11.71,4927899.0,2731794.0,51841242.0,8.52,45140863.0,7.42,6700379.0,1.1,-30030607.0,-4.94,-21810636.0,-3.59,-88668.0,0.816,0.817,26927363072.0,21972728267,21972728267,2024-09-26,2024-09-26 15:00:06+08:00
312,159845,中证1000ETF,1.992,1.9849,-0.36,0.083,4.35,9139293.0,1786779904.954,1.9,1.992,1.9,1.909,4.82,7.35,1.67,68.78,6754647.0,2384645.0,-27640032.0,-1.55,-736485376.0,-41.22,708845344.0,39.67,10571197.0,0.59,17068837.0,0.96,-17442.0,1.992,1.993,12426425600.0,24753439795,24753439795,2024-09-26,2024-09-26 15:00:06+08:00
313,159825,农业ETF,0.624,0.6246,0.1,0.026,4.35,1213843.0,74027675.8,0.597,0.624,0.594,0.598,5.02,5.14,1.38,-54.87,745837.0,468006.0,19360863.0,26.15,25502745.0,34.45,-6141882.0,-8.3,-14202094.0,-19.18,-5158770.0,-6.97,-5219.0,0.624,0.625,2361077408.0,1473312303,1473312303,2024-09-26,2024-09-26 15:00:06+08:00
314,561230,中证A50ETF基金,1.033,1.0334,0.04,0.043,4.34,525075.0,52820162.0,0.991,1.033,0.989,0.99,4.44,2.39,1.45,83.56,318853.0,206222.0,4465893.0,8.45,6456667.0,12.22,-1990774.0,-3.77,-3003286.0,-5.69,-1462607.0,-2.77,20.0,1.033,1.034,2196477808.0,2268961576,2268961576,2024-09-26,2024-09-26 15:00:42+08:00
315,510590,中证500ETF平安,5.143,5.1162,-0.52,0.214,4.34,29064.0,14491616.0,4.929,5.144,4.91,4.929,4.75,2.04,2.32,26.23,17373.0,11691.0,-1485265.0,-10.25,0.0,0.0,-1485265.0,-10.25,1124472.0,7.76,360793.0,2.49,-500.0,5.14,5.149,142386100.0,732291712,732291712,2024-09-26,2024-09-26 15:00:41+08:00
316,159657,生物疫苗ETF,0.601,0.6005,-0.08,0.025,4.34,59750.0,3519308.85,0.574,0.601,0.571,0.576,5.21,2.89,3.29,57.51,42047.0,17703.0,530671.0,15.08,2409355.0,68.46,-1878684.0,-53.38,-421750.0,-11.98,-108920.0,-3.09,301.0,0.6,0.601,206514819.0,124115406,124115406,2024-09-26,2024-09-26 15:00:06+08:00
317,159558,半导体材料设备ETF,0.891,0.892,0.11,0.037,4.33,9186.0,801908.1,0.86,0.891,0.847,0.854,5.15,1.51,0.64,-30.35,5213.0,3973.0,160875.0,20.06,0.0,0.0,160875.0,20.06,-238313.0,-29.72,77439.0,9.66,2.0,0.89,0.891,60854641.0,54221485,54221485,2024-09-26,2024-09-26 15:00:06+08:00
318,159971,创业板ETF富国,1.18,1.1806,0.05,0.049,4.33,181116.0,20711048.7,1.127,1.182,1.12,1.131,5.48,1.03,1.02,-5.7,105746.0,75370.0,1706720.0,8.24,-1191102.0,-5.75,2897822.0,13.99,-754970.0,-3.65,-951749.0,-4.6,-3148.0,1.18,1.186,1756010144.0,2072091970,2072091970,2024-09-26,2024-09-26 15:00:06+08:00
319,159663,机床ETF,0.795,0.7928,-0.28,0.033,4.33,136275.0,10534718.5,0.768,0.795,0.761,0.762,4.46,13.97,1.18,85.44,60411.0,75864.0,150233.0,1.43,78600.0,0.75,71633.0,0.68,-156217.0,-1.48,5985.0,0.06,-781.0,0.795,0.796,97517585.0,77526480,77526480,2024-09-26,2024-09-26 15:00:06+08:00
320,159807,科技ETF,0.41,0.4089,-0.27,0.017,4.33,660447.0,26368126.6,0.392,0.411,0.391,0.393,5.09,4.68,1.74,24.74,419684.0,240763.0,2001423.0,7.59,1105222.0,4.19,896201.0,3.4,-1252298.0,-4.75,-749125.0,-2.84,-1472.0,0.41,0.411,1410051424.0,578121084,578121084,2024-09-26,2024-09-26 15:00:06+08:00
321,588680,科创100增强ETF,0.965,0.9684,0.35,0.04,4.32,20360.0,1926559.0,0.927,0.965,0.919,0.925,4.97,4.59,0.87,-15.31,9269.0,11091.0,389950.0,20.24,-105955.0,-5.5,495905.0,25.74,-335805.0,-17.43,-54146.0,-2.81,2.0,0.96,0.962,44361000.0,42808365,42808365,2024-09-26,2024-09-26 15:00:42+08:00
322,159957,创业板100ETF华夏,1.11,1.1089,-0.1,0.046,4.32,159319.0,17127398.1,1.067,1.11,1.036,1.064,6.95,1.04,1.47,69.07,84457.0,74862.0,-31498.0,-0.18,2071158.0,12.09,-2102656.0,-12.28,130406.0,0.76,-98906.0,-0.58,604.0,1.109,1.11,1529784560.0,1698060862,1698060862,2024-09-26,2024-09-26 15:00:06+08:00
323,159591,中证A50ETF,1.038,1.0364,-0.15,0.043,4.32,906305.0,91374457.555,0.994,1.038,0.991,0.995,4.72,2.78,0.46,22.53,521931.0,384374.0,8357022.0,9.15,2528795.0,2.77,5828227.0,6.38,-5664723.0,-6.2,-2692297.0,-2.95,-2925.0,1.038,1.039,3263405680.0,3387415096,3387415096,2024-09-26,2024-09-26 15:00:06+08:00
324,562500,机器人ETF,0.604,0.6028,-0.2,0.025,4.32,1787335.0,105385872.0,0.576,0.605,0.574,0.579,5.35,10.45,1.41,-32.09,1075789.0,711546.0,8063638.0,7.65,4933973.0,4.68,3129665.0,2.97,-5477154.0,-5.2,-2586485.0,-2.45,80.0,0.603,0.604,1709687296.0,1032651127,1032651127,2024-09-26,2024-09-26 15:00:43+08:00
325,562000,中证100ETF基金,0.87,0.8681,-0.22,0.036,4.32,500611.0,42393220.0,0.834,0.87,0.833,0.834,4.44,1.62,1.5,-85.21,365295.0,135316.0,603323.0,1.42,-5136902.0,-12.12,5740225.0,13.54,-296031.0,-0.7,-307292.0,-0.72,34.0,0.866,0.87,3090368896.0,2688620940,2688620940,2024-09-26,2024-09-26 15:00:42+08:00
326,159961,深100ETF方正富邦,1.451,1.4548,0.26,0.06,4.31,66567.0,9418259.5,1.39,1.453,1.388,1.391,4.67,2.07,1.8,-88.24,31473.0,35094.0,153287.0,1.63,0.0,0.0,153287.0,1.63,-301759.0,-3.2,148471.0,1.58,-900.0,1.448,1.452,322245200.0,467577785,467577785,2024-09-26,2024-09-26 15:00:03+08:00
327,562890,中证A50指数ETF,1.04,1.0395,-0.05,0.043,4.31,431230.0,43778637.0,0.994,1.041,0.988,0.997,5.32,8.55,1.4,8.56,268820.0,162410.0,4516790.0,10.32,5692966.0,13.0,-1176176.0,-2.69,-2949361.0,-6.74,-1567430.0,-3.58,2500.0,1.039,1.04,504551008.0,524733048,524733048,2024-09-26,2024-09-26 15:00:42+08:00
328,562820,集成电路ETF,1.016,1.0171,0.11,0.042,4.31,79476.0,7846782.0,0.978,1.016,0.972,0.974,4.52,26.37,1.4,89.19,48312.0,31164.0,62018.0,0.79,-648601.0,-8.27,710619.0,9.06,-83683.0,-1.07,21666.0,0.28,30.0,1.015,1.016,30136000.0,30618176,30618176,2024-09-26,2024-09-26 15:00:41+08:00
329,517030,沪港深300ETF基金,0.848,0.8463,-0.2,0.035,4.31,20306.0,1679567.0,0.821,0.849,0.813,0.813,4.43,2.94,0.91,30.22,7919.0,12387.0,-241997.0,-14.41,0.0,0.0,-241997.0,-14.41,314517.0,18.73,-72521.0,-4.32,12.0,0.847,0.849,69040300.0,58546174,58546174,2024-09-26,2024-09-26 15:00:42+08:00
330,159839,生物药ETF,0.315,0.315,0.0,0.013,4.3,718760.0,22079704.8,0.3,0.316,0.299,0.302,5.63,4.66,0.99,28.14,497764.0,220996.0,3317607.0,15.03,8147245.0,36.9,-4829638.0,-21.87,-2819514.0,-12.77,-498092.0,-2.26,4800.0,0.314,0.315,1541235168.0,485489078,485489078,2024-09-26,2024-09-26 15:00:06+08:00
331,560080,中药ETF,1.018,1.0193,0.13,0.042,4.3,703928.0,69921754.0,0.972,1.018,0.969,0.976,5.02,3.45,1.48,4.15,426873.0,277055.0,9699996.0,13.87,8403364.0,12.02,1296632.0,1.85,-6202100.0,-8.87,-3497896.0,-5.0,50.0,1.016,1.018,2042765008.0,2079534778,2079534778,2024-09-26,2024-09-26 15:00:42+08:00
332,515550,国联中证500ETF,1.091,1.0886,-0.22,0.045,4.3,13654.0,1449475.0,1.054,1.091,1.04,1.046,4.88,4.65,4.52,-81.7,6260.0,7394.0,297879.0,20.55,0.0,0.0,297879.0,20.55,-212704.0,-14.67,-85175.0,-5.88,-23.0,1.057,1.098,29345700.0,32016159,32016159,2024-09-26,2024-09-26 15:00:40+08:00
333,588990,科创芯片ETF博时,0.97,0.9677,-0.24,0.04,4.3,21264.0,2013755.0,0.999,0.999,0.903,0.93,10.32,4.86,0.34,14.77,6751.0,14513.0,1061.0,0.05,0.0,0.0,1061.0,0.05,-27060.0,-1.34,26000.0,1.29,26.0,0.969,0.97,43745400.0,42433038,42433038,2024-09-26,2024-09-26 15:00:43+08:00
334,159555,2000增强ETF,0.849,0.8384,-1.26,0.035,4.3,77402.0,6396576.7,0.812,0.849,0.809,0.814,4.91,13.96,1.61,33.38,44219.0,33183.0,336667.0,5.26,830000.0,12.98,-493333.0,-7.71,-127731.0,-2.0,-208936.0,-3.27,-484.0,0.849,0.85,55462705.0,47087837,47087837,2024-09-26,2024-09-26 15:00:06+08:00
335,515220,煤炭ETF,1.189,1.1868,-0.19,0.049,4.3,1357652.0,157471730.0,1.136,1.191,1.134,1.14,5.0,5.35,1.02,-6.52,742035.0,615617.0,1515508.0,0.96,8160066.0,5.18,-6644558.0,-4.22,3881588.0,2.46,-5397095.0,-3.43,-402.0,1.189,1.19,2538676896.0,3018486829,3018486829,2024-09-26,2024-09-26 15:00:42+08:00
336,515660,沪深300ETF国联安,4.271,4.2529,-0.43,0.176,4.3,4722.0,1967478.0,4.093,4.272,4.088,4.095,4.49,0.04,1.17,-88.07,3761.0,961.0,-376329.0,-19.13,271903.0,13.82,-648232.0,-32.95,390470.0,19.85,-14141.0,-0.72,-16.0,4.264,4.272,1221994208.0,5219137262,5219137262,2024-09-26,2024-09-26 15:00:43+08:00
