,代码,名称,最新价,IOPV实时估值,基金折价率,涨跌额,涨跌幅,成交量,成交额,开盘价,最高价,最低价,昨收,振幅,换手率,量比,委比,外盘,内盘,主力净流入-净额,主力净流入-净占比,超大单净流入-净额,超大单净流入-净占比,大单净流入-净额,大单净流入-净占比,中单净流入-净额,中单净流入-净占比,小单净流入-净额,小单净流入-净占比,现手,买一,卖一,最新份额,流通市值,总市值,数据日期,更新时间
0,512680,军工ETF龙头,0.901,0.9027,0.19,0.028,3.21,427071.0,38342656.0,0.878,0.908,0.874,0.873,3.89,1.16,1.42,-1.6,250317.0,176754.0,2427254.0,6.33,1944917.0,5.07,482337.0,1.26,-297257.0,-0.78,-2129997.0,-5.56,-50.0,0.901,0.902,3693730096.0,3328050816,3328050816,2024-06-28,2024-06-28 16:11:59+08:00
1,512660,军工ETF,0.879,0.8795,0.06,0.027,3.17,4286320.0,375232123.0,0.852,0.885,0.851,0.852,3.99,4.78,2.28,-40.68,2589557.0,1696763.0,56703856.0,15.11,66334988.0,17.68,-9631132.0,-2.57,-34324770.0,-9.15,-22379086.0,-5.96,-225.0,0.879,0.88,8965080064.0,7880305376,7880305376,2024-06-28,2024-06-28 16:11:43+08:00
2,512810,国防军工ETF,1.009,1.0107,0.17,0.03,3.06,640669.0,64331256.0,0.979,1.016,0.975,0.979,4.19,13.58,1.35,36.49,374687.0,265982.0,6231018.0,9.69,4419184.0,6.87,1811834.0,2.82,-3098647.0,-4.82,-3132371.0,-4.87,-4.0,1.009,1.01,471791696.0,476037821,476037821,2024-06-28,2024-06-28 16:11:33+08:00
3,512710,军工龙头ETF,0.542,0.5426,0.11,0.016,3.04,3455378.0,186940400.0,0.526,0.546,0.524,0.526,4.18,4.2,2.18,-38.07,2243266.0,1212112.0,17700662.0,9.47,31033007.0,16.6,-13332345.0,-7.13,-12917883.0,-6.91,-4782778.0,-2.56,-1.0,0.542,0.543,8226658304.0,4458848801,4458848801,2024-06-28,2024-06-28 16:11:32+08:00
4,517520,黄金股ETF,1.187,1.1904,0.29,0.035,3.04,840010.0,99055588.0,1.16,1.196,1.16,1.152,3.13,8.51,1.56,-20.74,511982.0,328028.0,20718057.0,20.92,27261471.0,27.52,-6543414.0,-6.61,-12636974.0,-12.76,-8081082.0,-8.16,-2.0,1.187,1.188,987404000.0,1172048548,1172048548,2024-06-28,2024-06-28 16:11:48+08:00
5,560860,工业有色ETF,0.787,0.7855,-0.19,0.023,3.01,487041.0,38063668.0,0.763,0.792,0.763,0.764,3.8,12.95,1.33,-3.11,264417.0,222624.0,3613734.0,9.49,-861118.0,-2.26,4474852.0,11.76,-3063277.0,-8.05,-550458.0,-1.45,50.0,0.786,0.787,376233008.0,296095377,296095377,2024-06-28,2024-06-28 16:11:50+08:00
6,159638,高端装备ETF,0.665,0.6643,-0.11,0.019,2.94,452665.0,29963955.986,0.645,0.669,0.644,0.646,3.87,3.91,1.31,-7.51,261965.0,190700.0,1623316.0,5.42,2300407.0,7.68,-677091.0,-2.26,-1203447.0,-4.02,-419868.0,-1.4,130.0,0.664,0.665,1157341936.0,769632387,769632387,2024-06-28,2024-06-28 15:34:30+08:00
7,512560,军工ETF易方达,0.532,0.5331,0.21,0.015,2.9,406782.0,21591066.0,0.516,0.536,0.515,0.517,4.06,3.69,1.41,-13.32,229885.0,176897.0,3006409.0,13.92,1992800.0,9.23,1013609.0,4.69,-1669772.0,-7.73,-1336636.0,-6.19,-656.0,0.532,0.533,1102127008.0,586331568,586331568,2024-06-28,2024-06-28 16:11:40+08:00
8,512670,国防ETF,0.603,0.6034,0.07,0.017,2.9,2041244.0,122957243.0,0.584,0.608,0.584,0.586,4.1,6.0,1.71,7.55,1112146.0,929098.0,17769909.0,14.45,15933415.0,12.96,1836494.0,1.49,-12906965.0,-10.5,-4862945.0,-3.95,249.0,0.602,0.603,3404652608.0,2053005523,2053005523,2024-06-28,2024-06-28 16:11:54+08:00
9,517090,央企共赢ETF,1.502,1.4978,-0.28,0.042,2.88,543877.0,80831854.0,1.46,1.504,1.458,1.46,3.15,12.33,2.76,-4.14,290284.0,253593.0,6878525.0,8.51,12000812.0,14.85,-5122287.0,-6.34,-773957.0,-0.96,-6104569.0,-7.55,-5000.0,1.5,1.505,441075008.0,662494662,662494662,2024-06-28,2024-06-28 16:11:51+08:00
10,517180,中国国企ETF,1.592,1.5889,-0.2,0.044,2.84,449101.0,70668050.0,1.544,1.598,1.544,1.548,3.49,5.87,1.78,46.95,225681.0,223420.0,-643264.0,-0.91,-8715548.0,-12.33,8072284.0,11.42,1835420.0,2.6,-1192157.0,-1.69,1200.0,1.586,1.587,764496304.0,1217078116,1217078116,2024-06-28,2024-06-28 16:11:57+08:00
11,517400,黄金股票ETF,0.959,0.9582,-0.08,0.026,2.79,108803.0,10362970.0,0.934,0.962,0.934,0.933,3.0,22.3,1.54,-18.38,81460.0,27343.0,2015233.0,19.45,-620473.0,-5.99,2635706.0,25.43,-1095123.0,-10.57,-920112.0,-8.88,100.0,0.956,0.958,48792000.0,46791528,46791528,2024-06-28,2024-06-28 16:11:56+08:00
12,159321,黄金股票ETF,0.929,0.9321,0.33,0.025,2.77,69332.0,6389465.956,0.905,0.933,0.905,0.904,3.1,5.36,1.42,-16.86,53607.0,15725.0,876475.0,13.72,-921000.0,-14.41,1797475.0,28.13,-485560.0,-7.6,-390914.0,-6.12,-100.0,0.929,0.93,129400397.0,120212969,120212969,2024-06-28,2024-06-28 15:34:21+08:00
13,561790,央企现代能源ETF,1.152,1.1511,-0.08,0.031,2.77,107495.0,12195258.0,1.121,1.155,1.121,1.121,3.03,17.64,0.66,-23.69,57969.0,49526.0,670711.0,5.5,0.0,0.0,670711.0,5.5,-484762.0,-3.98,-185948.0,-1.52,200.0,1.15,1.152,60934000.0,70195968,70195968,2024-06-28,2024-06-28 16:11:45+08:00
14,159315,黄金股ETF基金,0.979,0.9818,0.29,0.026,2.73,64385.0,6257339.624,0.955,0.983,0.955,0.953,2.94,2.93,0.67,-7.46,36929.0,27456.0,1825466.0,29.17,815686.0,13.04,1009780.0,16.14,-1407910.0,-22.5,-417557.0,-6.67,479.0,0.977,0.979,219589621.0,214978239,214978239,2024-06-28,2024-06-28 15:34:36+08:00
15,159322,黄金产业ETF,0.981,0.9838,0.28,0.026,2.72,25404.0,2482642.101,0.959,0.986,0.959,0.955,2.83,6.61,0.46,-10.66,10265.0,15138.0,468900.0,18.89,0.0,0.0,468900.0,18.89,-373628.0,-15.05,-95271.0,-3.84,-500.0,0.98,0.981,38411691.0,37681869,37681869,2024-06-28,2024-06-28 15:34:24+08:00
16,561560,电力ETF,1.259,1.2579,-0.09,0.033,2.69,243325.0,30278085.0,1.222,1.263,1.219,1.226,3.59,11.31,1.58,18.78,156040.0,87285.0,8054169.0,26.6,6564967.0,21.68,1489202.0,4.92,-4603844.0,-15.21,-3450324.0,-11.4,-20.0,1.259,1.26,215124200.0,270841368,270841368,2024-06-28,2024-06-28 16:12:01+08:00
17,561260,能源ETF,1.146,1.1453,-0.06,0.03,2.69,132066.0,14924512.0,1.116,1.149,1.115,1.116,3.05,7.9,1.12,81.23,88348.0,43718.0,-876.0,-0.01,282499.0,1.89,-283375.0,-1.9,169340.0,1.13,-168465.0,-1.13,12.0,1.145,1.148,167095200.0,191491099,191491099,2024-06-28,2024-06-28 16:11:42+08:00
18,159562,黄金股ETF,1.284,1.2861,0.16,0.033,2.64,345268.0,44051426.8,1.256,1.291,1.254,1.251,2.96,11.24,1.85,-26.17,222520.0,122748.0,4674775.0,10.61,4807718.0,10.91,-132943.0,-0.3,-1995821.0,-4.53,-2678954.0,-6.08,-7271.0,1.284,1.285,307130512.0,394355577,394355577,2024-06-28,2024-06-28 15:34:27+08:00
19,515680,央企创新ETF基金,1.422,1.4202,-0.13,0.036,2.6,27322.0,3866453.0,1.384,1.426,1.384,1.386,3.03,0.17,0.45,-48.39,10608.0,16714.0,-6364.0,-0.16,0.0,0.0,-6364.0,-0.16,44335.0,1.15,-37970.0,-0.98,500.0,1.419,1.422,1566264704.0,2227228409,2227228409,2024-06-28,2024-06-28 16:11:40+08:00
20,562850,央企能源ETF,1.148,1.1483,0.03,0.029,2.59,116391.0,13202790.0,1.119,1.152,1.117,1.119,3.13,6.54,1.05,-11.36,68862.0,47530.0,1223263.0,9.27,2153902.0,16.31,-930639.0,-7.05,-546281.0,-4.14,-676981.0,-5.13,1137.0,1.148,1.149,177981500.0,204322762,204322762,2024-06-28,2024-06-28 16:11:55+08:00
21,562960,绿色电力ETF,1.13,1.1279,-0.19,0.028,2.54,71600.0,8022022.0,1.102,1.132,1.098,1.102,3.09,10.03,2.72,90.28,42604.0,28996.0,866910.0,10.81,891909.0,11.12,-24999.0,-0.31,-598259.0,-7.46,-268650.0,-3.35,27.0,1.129,1.13,71391000.0,80671830,80671830,2024-06-28,2024-06-28 16:11:49+08:00
22,159588,石油天然气ETF,0.974,0.9767,0.28,0.024,2.53,158945.0,15429171.989,0.956,0.979,0.955,0.95,2.53,8.6,2.65,-49.51,94274.0,64670.0,1895142.0,12.28,4116269.0,26.68,-2221127.0,-14.4,-1412507.0,-9.15,-482635.0,-3.13,870.0,0.97,0.974,184784857.0,179980451,179980451,2024-06-28,2024-06-28 15:34:09+08:00
23,159719,国企共赢ETF,1.547,1.555,0.51,0.038,2.52,127080.0,19521125.2,1.512,1.554,1.509,1.509,2.98,8.14,1.55,-48.3,57155.0,69925.0,6573957.0,33.68,1258920.0,6.45,5315037.0,27.23,-4118731.0,-21.1,-2455226.0,-12.58,1045.0,1.546,1.547,156195986.0,241635190,241635190,2024-06-28,2024-06-28 15:34:48+08:00
24,562350,电力指数ETF,1.1,1.1013,0.12,0.027,2.52,72969.0,7932688.0,1.072,1.106,1.071,1.073,3.26,18.51,1.25,-99.16,34731.0,38238.0,385868.0,4.86,0.0,0.0,385868.0,4.86,-238299.0,-3.0,-147570.0,-1.86,-547.0,1.099,1.102,39410900.0,43351990,43351990,2024-06-28,2024-06-28 16:11:51+08:00
25,515900,央企创新驱动ETF,1.408,1.4098,0.13,0.034,2.47,928840.0,130715754.0,1.366,1.416,1.366,1.374,3.64,2.96,2.78,-88.14,586287.0,342553.0,6453390.0,4.94,7668644.0,5.87,-1215254.0,-0.93,769051.0,0.59,-7222441.0,-5.53,30.0,1.407,1.41,3133646496.0,4412174266,4412174266,2024-06-28,2024-06-28 16:11:55+08:00
26,159507,电信ETF,0.912,0.9116,-0.04,0.022,2.47,69022.0,6298570.509,0.898,0.916,0.898,0.89,2.02,11.91,1.73,-0.88,40585.0,28437.0,262971.0,4.18,146183.0,2.32,116788.0,1.85,-148322.0,-2.35,-114648.0,-1.82,3.0,0.911,0.912,57943634.0,52844594,52844594,2024-06-28,2024-06-28 15:34:33+08:00
27,159695,通信ETF,1.002,1.001,-0.1,0.024,2.45,51437.0,5133609.2,0.979,1.007,0.977,0.978,3.07,6.61,0.83,59.97,34036.0,17401.0,-493370.0,-9.61,0.0,0.0,-493370.0,-9.61,624230.0,12.16,-130859.0,-2.55,206.0,1.001,1.002,77812086.0,77967710,77967710,2024-06-28,2024-06-28 15:34:06+08:00
28,159611,电力ETF,1.044,1.0425,-0.14,0.025,2.45,1661264.0,171288245.966,1.019,1.047,1.011,1.019,3.53,7.28,1.47,21.79,1064856.0,596408.0,14268504.0,8.33,-1681497.0,-0.98,15950001.0,9.31,-7790121.0,-4.55,-6478381.0,-3.78,-8844.0,1.044,1.045,2282362896.0,2382786863,2382786863,2024-06-28,2024-06-28 15:34:09+08:00
29,515880,通信ETF,1.178,1.1771,-0.08,0.028,2.43,1969282.0,232260464.0,1.148,1.193,1.143,1.15,4.35,10.0,1.34,-17.5,1077150.0,892132.0,-3744468.0,-1.61,-9422735.0,-4.06,5678267.0,2.44,9437704.0,4.06,-5693237.0,-2.45,806.0,1.177,1.178,1968462304.0,2318848594,2318848594,2024-06-28,2024-06-28 16:11:37+08:00
30,159974,央企创新ETF,1.516,1.5184,0.16,0.036,2.43,69731.0,10509493.2,1.487,1.524,1.484,1.48,2.7,3.13,1.84,-23.96,44113.0,25618.0,1339506.0,12.75,2517266.0,23.95,-1177760.0,-11.21,-929438.0,-8.84,-410070.0,-3.9,179.0,1.514,1.516,222432422.0,337207552,337207552,2024-06-28,2024-06-28 15:34:51+08:00
31,159690,矿业ETF,0.957,0.9598,0.29,0.022,2.35,7529.0,718464.6,0.944,0.964,0.941,0.935,2.46,5.72,3.66,42.41,3801.0,3728.0,1844.0,0.26,0.0,0.0,1844.0,0.26,0.0,0.0,-1845.0,-0.26,50.0,0.956,0.957,13163978.0,12597927,12597927,2024-06-28,2024-06-28 15:35:03+08:00
32,561170,绿电50ETF,1.133,1.1334,0.04,0.026,2.35,112479.0,12645709.0,1.105,1.138,1.101,1.107,3.34,9.45,1.85,54.44,47051.0,65428.0,669544.0,5.29,-496572.0,-3.93,1166116.0,9.22,-464392.0,-3.67,-205154.0,-1.62,-30.0,1.132,1.134,119032700.0,134864049,134864049,2024-06-28,2024-06-28 16:11:36+08:00
33,563150,油气资源ETF,0.964,0.9648,0.08,0.022,2.34,44136.0,4235580.0,0.944,0.97,0.944,0.942,2.76,3.21,2.59,-68.77,24680.0,19456.0,1576336.0,37.22,1345795.0,31.77,230541.0,5.44,-1136985.0,-26.84,-439352.0,-10.37,-658.0,0.965,0.966,137399000.0,132452636,132452636,2024-06-28,2024-06-28 16:11:47+08:00
34,159994,5GETF,0.833,0.831,-0.24,0.019,2.33,434223.0,36181835.639,0.811,0.841,0.809,0.814,3.93,2.19,1.2,7.88,267599.0,166624.0,-3743833.0,-10.35,-4853099.0,-13.41,1109266.0,3.07,3744196.0,10.35,-362.0,0.0,2753.0,0.832,0.833,1983001680.0,1651840399,1651840399,2024-06-28,2024-06-28 15:34:45+08:00
35,515600,央企创新ETF,1.406,1.4074,0.1,0.032,2.33,190857.0,26698106.0,1.375,1.413,1.375,1.374,2.77,1.18,1.97,6.17,94992.0,95865.0,6095208.0,22.83,4626696.0,17.33,1468512.0,5.5,-3507809.0,-13.14,-2587399.0,-9.69,50.0,1.405,1.407,1623797408.0,2283059156,2283059156,2024-06-28,2024-06-28 16:11:37+08:00
36,560580,电力ETF南方,1.1,1.1007,0.06,0.025,2.33,81894.0,8926684.0,1.071,1.105,1.069,1.075,3.35,37.22,1.52,-22.63,38778.0,43116.0,379170.0,4.25,0.0,0.0,379170.0,4.25,-212265.0,-2.38,-166905.0,-1.87,-90.0,1.1,1.102,22003000.0,24203300,24203300,2024-06-28,2024-06-28 16:11:32+08:00
37,159697,油气ETF,1.036,1.0395,0.34,0.023,2.27,112329.0,11578529.0,1.009,1.041,1.009,1.013,3.16,10.59,1.07,-31.84,61353.0,50976.0,1510622.0,13.05,182960.0,1.58,1327662.0,11.47,-759218.0,-6.56,-751405.0,-6.49,-77.0,1.036,1.037,106022006.0,109838798,109838798,2024-06-28,2024-06-28 15:34:39+08:00
38,562550,绿电ETF,1.13,1.1308,0.07,0.025,2.26,70321.0,7854694.0,1.101,1.135,1.1,1.105,3.17,8.74,2.74,21.96,49274.0,21047.0,1317569.0,16.77,1906870.0,24.28,-589301.0,-7.5,-579843.0,-7.38,-737726.0,-9.39,44.0,1.129,1.131,80419300.0,90873809,90873809,2024-06-28,2024-06-28 16:11:55+08:00
39,510410,资源ETF,1.232,1.231,-0.08,0.027,2.24,263728.0,32249867.0,1.2,1.239,1.2,1.205,3.24,5.74,2.87,41.79,163657.0,100071.0,-4046916.0,-12.55,-6050511.0,-18.76,2003595.0,6.21,3757081.0,11.65,289834.0,0.9,2613.0,1.232,1.233,459258400.0,565806349,565806349,2024-06-28,2024-06-28 16:11:53+08:00
40,515050,5G通信ETF,1.013,1.0117,-0.13,0.022,2.22,1281251.0,129718071.0,0.986,1.025,0.986,0.991,3.94,1.77,1.13,-23.15,699750.0,581501.0,5630673.0,4.34,1511837.0,1.17,4118836.0,3.18,-4146629.0,-3.2,-1484045.0,-1.14,1694.0,1.011,1.012,7255068416.0,7349384305,7349384305,2024-06-28,2024-06-28 16:11:42+08:00
41,513170,恒生央企ETF,1.145,1.1397,-0.47,0.024,2.14,389211.0,44474361.0,1.122,1.152,1.122,1.121,2.68,13.44,1.6,50.91,250268.0,138943.0,4071220.0,9.15,6110531.0,13.74,-2039311.0,-4.59,-2610004.0,-5.87,-1461216.0,-3.29,-100.0,1.145,1.146,289573008.0,331561094,331561094,2024-06-28,2024-06-28 16:11:46+08:00
42,159880,有色ETF基金,1.007,1.0061,-0.09,0.021,2.13,51513.0,5143418.7,0.979,1.014,0.978,0.986,3.65,8.11,1.12,93.72,28118.0,23395.0,530975.0,10.32,397191.0,7.72,133784.0,2.6,-333068.0,-6.48,-197906.0,-3.85,-3.0,1.007,1.009,63551518.0,63996379,63996379,2024-06-28,2024-06-28 15:34:54+08:00
43,159871,有色金属ETF,1.01,1.0101,0.01,0.021,2.12,116230.0,11664911.506,0.987,1.017,0.987,0.989,3.03,14.64,1.16,-16.73,57384.0,58846.0,510943.0,4.38,1276364.0,10.94,-765421.0,-6.56,-346165.0,-2.97,-164780.0,-1.41,33.0,1.008,1.01,79366253.0,80159916,80159916,2024-06-28,2024-06-28 15:34:48+08:00
44,563010,电信ETF,0.962,0.9625,0.05,0.02,2.12,17557.0,1685641.0,0.951,0.965,0.942,0.942,2.44,6.01,0.99,9.94,5780.0,11777.0,-79068.0,-4.69,0.0,0.0,-79068.0,-4.69,108354.0,6.43,-29286.0,-1.74,-1829.0,0.962,0.963,29189300.0,28080107,28080107,2024-06-28,2024-06-28 16:11:49+08:00
45,561360,石油ETF,1.06,1.0599,-0.01,0.022,2.12,173699.0,18293886.0,1.04,1.064,1.04,1.038,2.31,22.23,1.29,0.78,115657.0,58042.0,854763.0,4.67,954410.0,5.22,-99647.0,-0.54,-359907.0,-1.97,-494856.0,-2.71,94.0,1.059,1.06,78148000.0,82836880,82836880,2024-06-28,2024-06-28 16:11:58+08:00
46,159512,汽车ETF,1.12,1.1219,0.17,0.023,2.1,129953.0,14562597.3,1.097,1.132,1.093,1.097,3.56,20.54,1.1,-18.05,64061.0,65892.0,1084341.0,7.45,0.0,0.0,1084341.0,7.45,-299274.0,-2.06,-785068.0,-5.39,-430.0,1.12,1.121,63264855.0,70856638,70856638,2024-06-28,2024-06-28 15:34:36+08:00
47,159669,绿电ETF,1.073,1.0736,0.06,0.022,2.09,96602.0,10228630.0,1.058,1.076,1.046,1.051,2.85,17.02,0.97,-32.43,51021.0,45581.0,110224.0,1.08,0.0,0.0,110224.0,1.08,19073.0,0.19,-129298.0,-1.26,92.0,1.07,1.075,56754781.0,60897880,60897880,2024-06-28,2024-06-28 15:34:51+08:00
48,513630,港股红利指数ETF,1.171,1.1637,-0.63,0.024,2.09,746329.0,87097102.0,1.147,1.175,1.147,1.147,2.44,3.91,1.25,3.53,410764.0,335565.0,704635.0,0.81,1786033.0,2.05,-1081398.0,-1.24,2288211.0,2.63,-2992846.0,-3.44,25.0,1.17,1.172,1908359008.0,2234688398,2234688398,2024-06-28,2024-06-28 16:11:43+08:00
49,516530,物流快递ETF,0.837,0.8351,-0.23,0.017,2.07,22188.0,1847191.0,0.828,0.84,0.828,0.82,1.46,2.62,1.06,-97.88,17768.0,4420.0,-246038.0,-13.32,-251.0,-0.01,-245787.0,-13.31,255007.0,13.81,-8969.0,-0.49,500.0,0.83,0.841,84802300.0,70979525,70979525,2024-06-28,2024-06-28 16:11:32+08:00
50,513810,港股国企ETF,1.233,1.2237,-0.76,0.025,2.07,25571.0,3146268.0,1.21,1.239,1.21,1.208,2.4,7.99,1.42,-8.77,14076.0,11495.0,-41289.0,-1.31,757185.0,24.07,-798474.0,-25.38,66877.0,2.13,-25588.0,-0.81,18.0,1.231,1.232,31992000.0,39446136,39446136,2024-06-28,2024-06-28 16:11:39+08:00
51,560300,电信50ETF,1.037,1.039,0.19,0.021,2.07,47151.0,4867111.0,1.023,1.042,1.023,1.016,1.87,19.01,1.94,10.72,25339.0,21812.0,-18938.0,-0.39,0.0,0.0,-18938.0,-0.39,41151.0,0.85,-22214.0,-0.46,-19.0,1.037,1.039,24803400.0,25721126,25721126,2024-06-28,2024-06-28 16:11:46+08:00
52,159786,VRETF,0.695,0.6916,-0.49,0.014,2.06,106514.0,7392094.1,0.681,0.7,0.678,0.681,3.23,5.36,1.26,65.72,58239.0,48275.0,49992.0,0.68,13366.0,0.18,36626.0,0.5,291341.0,3.94,-341334.0,-4.62,8.0,0.692,0.695,198701174.0,138097316,138097316,2024-06-28,2024-06-28 15:34:33+08:00
53,561700,电力ETF基金,1.095,1.0959,0.08,0.022,2.05,80525.0,8743956.0,1.062,1.1,1.058,1.073,3.91,5.84,1.31,17.92,44837.0,35688.0,1507584.0,17.24,967922.0,11.07,539662.0,6.17,-1059718.0,-12.12,-447867.0,-5.12,-637.0,1.095,1.097,137813600.0,150905892,150905892,2024-06-28,2024-06-28 16:11:33+08:00
54,159945,能源ETF基金,1.201,1.2017,0.06,0.024,2.04,40569.0,4834325.0,1.177,1.204,1.175,1.177,2.46,13.06,1.19,-71.43,24187.0,16382.0,356953.0,7.38,0.0,0.0,356953.0,7.38,-22200.0,-0.46,-334753.0,-6.92,38.0,1.198,1.201,31072327.0,37317865,37317865,2024-06-28,2024-06-28 15:34:48+08:00
55,513910,港股央企红利ETF,1.162,1.1533,-0.75,0.023,2.02,127574.0,14801571.0,1.139,1.17,1.136,1.139,2.99,5.98,1.11,13.61,78788.0,48786.0,822638.0,5.56,1606504.0,10.85,-783866.0,-5.3,-217794.0,-1.47,-604844.0,-4.09,200.0,1.161,1.162,213276000.0,247826712,247826712,2024-06-28,2024-06-28 16:11:59+08:00
56,159652,有色50ETF,0.859,0.8609,0.22,0.017,2.02,214751.0,18407659.938,0.841,0.867,0.841,0.842,3.09,4.55,1.0,25.1,105069.0,109682.0,2676908.0,14.54,4125918.0,22.41,-1449010.0,-7.87,-1326009.0,-7.2,-1350899.0,-7.34,-713.0,0.859,0.862,472320288.0,405723127,405723127,2024-06-28,2024-06-28 15:34:18+08:00
57,159625,绿色电力ETF,1.165,1.1674,0.21,0.023,2.01,161327.0,18616679.7,1.146,1.171,1.137,1.142,2.98,7.16,1.11,-20.21,87249.0,74078.0,2118021.0,11.38,1790284.0,9.62,327737.0,1.76,-1524263.0,-8.19,-593757.0,-3.19,-195.0,1.165,1.167,225313777.0,262490550,262490550,2024-06-28,2024-06-28 15:34:21+08:00
58,159881,有色60ETF,0.963,0.9642,0.12,0.019,2.01,269191.0,25910572.965,0.941,0.971,0.941,0.944,3.18,16.29,1.44,-46.75,139614.0,129577.0,1051369.0,4.06,3415630.0,13.18,-2364261.0,-9.12,-630060.0,-2.43,-421309.0,-1.63,-40.0,0.963,0.966,165249583.0,159135348,159135348,2024-06-28,2024-06-28 15:34:18+08:00
59,561760,油气ETF博时,0.968,0.9715,0.36,0.019,2.0,17296.0,1673405.0,0.949,0.974,0.949,0.949,2.63,8.16,0.76,-4.74,5737.0,11559.0,155911.0,9.32,0.0,0.0,155911.0,9.32,-101382.0,-6.06,-54529.0,-3.26,-5.0,0.968,0.971,21195000.0,20516760,20516760,2024-06-28,2024-06-28 16:11:51+08:00
60,516650,有色金属ETF基金,0.97,0.9707,0.07,0.019,2.0,49942.0,4824275.0,0.951,0.977,0.951,0.951,2.73,4.4,1.58,16.5,23556.0,26386.0,1305731.0,27.07,0.0,0.0,1305731.0,27.07,145742.0,3.02,-1451473.0,-30.09,-100.0,0.97,0.971,113464800.0,110060856,110060856,2024-06-28,2024-06-28 16:11:58+08:00
61,561330,矿业ETF,0.93,0.9323,0.25,0.018,1.97,71918.0,6684223.0,0.91,0.939,0.91,0.912,3.18,12.68,0.78,-9.83,28304.0,43614.0,172104.0,2.57,0.0,0.0,172104.0,2.57,-18242.0,-0.27,-153863.0,-2.3,-30.0,0.93,0.931,56696100.0,52727373,52727373,2024-06-28,2024-06-28 16:11:57+08:00
62,159876,有色龙头ETF,1.038,1.0396,0.15,0.02,1.96,49676.0,5153395.4,1.018,1.045,1.018,1.018,2.65,7.36,1.79,-21.76,29590.0,20086.0,801119.0,15.55,-1375807.0,-26.7,2176926.0,42.24,-269548.0,-5.23,-531570.0,-10.31,4.0,1.036,1.038,67488509.0,70053072,70053072,2024-06-28,2024-06-28 15:34:51+08:00
63,512400,有色金属ETF,0.987,0.9875,0.05,0.019,1.96,1493100.0,146892941.0,0.967,0.995,0.967,0.968,2.89,3.43,1.04,-45.92,836436.0,656664.0,30004962.0,20.43,28268306.0,19.24,1736656.0,1.18,-19976912.0,-13.6,-10028050.0,-6.83,11.0,0.986,0.987,4357039104.0,4300397596,4300397596,2024-06-28,2024-06-28 16:11:44+08:00
64,513950,恒生红利ETF,1.042,1.0379,-0.4,0.02,1.96,203909.0,21152031.0,1.024,1.046,1.019,1.022,2.64,5.71,1.07,-47.3,118190.0,85719.0,2572462.0,12.16,994878.0,4.7,1577584.0,7.46,-1855198.0,-8.77,-717263.0,-3.39,501.0,1.041,1.042,357119008.0,372118006,372118006,2024-06-28,2024-06-28 16:11:50+08:00
65,560170,央企科技ETF,0.747,0.7468,-0.03,0.014,1.91,593711.0,44185308.0,0.729,0.752,0.728,0.733,3.27,2.48,1.13,-26.08,328691.0,265020.0,5579856.0,12.63,5876017.0,13.3,-296161.0,-0.67,-4020690.0,-9.1,-1559166.0,-3.53,205.0,0.746,0.747,2390995504.0,1786073641,1786073641,2024-06-28,2024-06-28 16:12:00+08:00
66,516780,稀土ETF,0.81,0.8107,0.09,0.015,1.89,157756.0,12795602.0,0.801,0.819,0.795,0.795,3.02,2.04,1.03,-23.96,96219.0,61537.0,1344331.0,10.51,467234.0,3.65,877097.0,6.85,-511246.0,-4.0,-833085.0,-6.51,347.0,0.81,0.811,771549808.0,624955344,624955344,2024-06-28,2024-06-28 16:11:55+08:00
67,563050,央企科技50ETF,0.764,0.7647,0.09,0.014,1.87,83941.0,6421801.0,0.748,0.768,0.748,0.75,2.67,2.03,0.9,26.21,48453.0,35488.0,647369.0,10.08,1508947.0,23.5,-861578.0,-13.42,-370190.0,-5.76,-277180.0,-4.32,-100.0,0.764,0.765,413208400.0,315691218,315691218,2024-06-28,2024-06-28 16:11:46+08:00
68,513920,港股通央企红利ETF,1.201,1.198,-0.25,0.022,1.87,530361.0,63803958.0,1.178,1.215,1.173,1.179,3.56,25.41,2.24,-40.7,299723.0,230638.0,1464417.0,2.3,-581945.0,-0.91,2046362.0,3.21,-573222.0,-0.9,-891195.0,-1.4,867.0,1.2,1.201,208731000.0,250685931,250685931,2024-06-28,2024-06-28 16:11:37+08:00
69,513390,纳指100ETF,1.651,1.5837,-4.25,0.03,1.85,575422.0,94747066.0,1.634,1.653,1.634,1.621,1.17,5.74,2.19,-65.19,358893.0,216529.0,-16168981.0,-17.07,10251.0,0.01,-16179232.0,-17.08,-10617914.0,-11.21,26786895.0,28.27,14.0,1.65,1.651,1002379104.0,1654927901,1654927901,2024-06-28,2024-06-28 16:12:01+08:00
70,513820,港股通红利30ETF,1.054,1.0537,-0.03,0.019,1.84,173009.0,18198668.0,1.035,1.061,1.035,1.035,2.51,6.79,1.06,-13.98,111281.0,61728.0,3694103.0,20.3,3742691.0,20.57,-48588.0,-0.27,-2391933.0,-13.14,-1302171.0,-7.16,1356.0,1.054,1.055,254669000.0,268421126,268421126,2024-06-28,2024-06-28 16:11:49+08:00
71,159556,中证2000ETF增强,0.785,0.7846,-0.05,0.014,1.82,58372.0,4586837.5,0.77,0.791,0.77,0.771,2.72,4.21,0.68,-14.11,39566.0,18806.0,978958.0,21.34,1391775.0,30.34,-412817.0,-9.0,-810242.0,-17.66,-168716.0,-3.68,-70.0,0.785,0.786,138556089.0,108766530,108766530,2024-06-28,2024-06-28 15:34:15+08:00
72,516150,稀土ETF基金,0.849,0.849,0.0,0.015,1.8,407800.0,34665447.0,0.833,0.86,0.832,0.834,3.36,2.33,1.51,-15.25,218583.0,189217.0,1461515.0,4.22,-958121.0,-2.76,2419636.0,6.98,-644581.0,-1.86,-816936.0,-2.36,-15.0,0.849,0.85,1747577008.0,1483692880,1483692880,2024-06-28,2024-06-28 16:11:33+08:00
73,159509,纳指科技ETF,1.711,1.4364,-19.12,0.03,1.78,8977800.0,1538541809.167,1.716,1.733,1.706,1.681,1.61,14.8,0.85,25.36,4551391.0,4426409.0,-11296416.0,-0.73,-8316160.0,-0.54,-2980256.0,-0.19,2625056.0,0.17,8671361.0,0.56,-121413.0,1.711,1.712,6067564032.0,10381602059,10381602059,2024-06-28,2024-06-28 15:34:33+08:00
74,561320,交运ETF,0.918,0.9175,-0.05,0.016,1.77,101160.0,9260636.0,0.903,0.92,0.903,0.902,1.88,11.32,1.01,-81.36,57562.0,43598.0,247601.0,2.67,95149.0,1.03,152452.0,1.65,-164970.0,-1.78,-82631.0,-0.89,6.0,0.918,0.92,89369000.0,82040742,82040742,2024-06-28,2024-06-28 16:11:48+08:00
75,512960,央企结构调整ETF,1.233,1.2318,-0.1,0.021,1.73,152713.0,18706280.0,1.204,1.236,1.204,1.212,2.64,0.36,0.8,-6.47,85263.0,67450.0,579879.0,3.1,976000.0,5.22,-396121.0,-2.12,-414292.0,-2.21,-165587.0,-0.89,222.0,1.231,1.233,4265257296.0,5259062246,5259062246,2024-06-28,2024-06-28 16:11:52+08:00
76,159691,港股红利ETF,1.179,1.1747,-0.37,0.02,1.73,1903945.0,224166145.8,1.155,1.188,1.15,1.159,3.28,12.34,1.13,20.98,1048609.0,855336.0,-5527746.0,-2.47,-2193773.0,-0.98,-3333973.0,-1.49,-6088922.0,-2.72,11616667.0,5.18,-6199.0,1.179,1.18,1542301392.0,1818373341,1818373341,2024-06-28,2024-06-28 15:34:36+08:00
77,516950,基建ETF,1.011,1.0098,-0.12,0.017,1.71,294699.0,29732599.0,0.99,1.018,0.99,0.994,2.82,4.82,1.07,29.32,139572.0,155127.0,2812445.0,9.46,989510.0,3.33,1822935.0,6.13,-1492130.0,-5.02,-1320315.0,-4.44,108.0,1.01,1.011,611821008.0,618551039,618551039,2024-06-28,2024-06-28 16:11:38+08:00
78,159930,能源ETF,1.504,1.5121,0.54,0.025,1.69,812907.0,121794569.8,1.472,1.51,1.472,1.479,2.57,27.61,5.46,68.88,394066.0,418841.0,13033075.0,10.7,25432603.0,20.88,-12399528.0,-10.18,-12733422.0,-10.45,-299651.0,-0.25,625.0,1.503,1.504,294398144.0,442774809,442774809,2024-06-28,2024-06-28 15:34:06+08:00
79,562950,消费电子50ETF,0.662,0.6596,-0.36,0.011,1.69,88946.0,5880100.0,0.651,0.666,0.651,0.651,2.3,8.78,1.76,14.82,43895.0,45051.0,524706.0,8.92,836663.0,14.23,-311957.0,-5.31,-414570.0,-7.05,-110136.0,-1.87,3.0,0.661,0.662,101258300.0,67032995,67032995,2024-06-28,2024-06-28 16:11:36+08:00
80,516910,物流ETF,0.97,0.9693,-0.07,0.016,1.68,217966.0,21066333.0,0.951,0.976,0.951,0.954,2.62,27.89,1.11,2.05,109415.0,108551.0,1043969.0,4.96,910542.0,4.32,133427.0,0.63,-322103.0,-1.53,-721866.0,-3.43,-2.0,0.97,0.971,78141800.0,75797546,75797546,2024-06-28,2024-06-28 16:12:00+08:00
81,560280,工程机械ETF,1.099,1.0986,-0.04,0.018,1.67,146444.0,16069858.0,1.078,1.104,1.075,1.081,2.68,12.38,1.19,21.5,71989.0,74455.0,4240260.0,26.39,488720.0,3.04,3751540.0,23.35,-2756301.0,-17.15,-1483959.0,-9.23,-12.0,1.099,1.1,118252000.0,129958948,129958948,2024-06-28,2024-06-28 16:12:00+08:00
82,159732,消费电子ETF,0.672,0.6714,-0.09,0.011,1.66,1726629.0,116063999.7,0.658,0.68,0.655,0.661,3.78,14.11,1.31,70.19,994711.0,731918.0,-7824473.0,-6.74,-13896572.0,-11.97,6072099.0,5.23,7221941.0,6.22,602533.0,0.52,-20228.0,0.672,0.673,1223447904.0,822156991,822156991,2024-06-28,2024-06-28 15:34:30+08:00
83,560500,500质量成长ETF,0.858,0.8531,-0.57,0.014,1.66,65561.0,5608665.0,0.845,0.861,0.845,0.844,1.9,0.8,1.15,34.45,40149.0,25412.0,48491.0,0.86,0.0,0.0,48491.0,0.86,54844.0,0.98,-103334.0,-1.84,1.0,0.853,0.858,824339008.0,707282869,707282869,2024-06-28,2024-06-28 16:12:00+08:00
84,159889,智能汽车ETF,0.739,0.7354,-0.49,0.012,1.65,22432.0,1652120.586,0.722,0.744,0.722,0.727,3.03,2.57,0.34,-51.67,10957.0,11475.0,75881.0,4.59,0.0,0.0,75881.0,4.59,89617.0,5.42,-165499.0,-10.02,100.0,0.733,0.739,87400796.0,64589188,64589188,2024-06-28,2024-06-28 15:34:36+08:00
85,159683,运输ETF,0.928,0.9299,0.2,0.015,1.64,44888.0,4163861.0,0.92,0.931,0.919,0.913,1.31,14.66,0.76,-63.65,23304.0,21584.0,126068.0,3.03,386258.0,9.28,-260190.0,-6.25,-123429.0,-2.96,-2639.0,-0.06,2158.0,0.926,0.928,30615396.0,28411087,28411087,2024-06-28,2024-06-28 15:34:45+08:00
86,159309,油气资源ETF,0.992,0.9965,0.45,0.016,1.64,274568.0,27168503.748,0.972,0.999,0.972,0.976,2.77,7.22,1.93,-93.16,172049.0,102518.0,2776808.0,10.22,204459.0,0.75,2572349.0,9.47,-2399027.0,-8.83,-377780.0,-1.39,-71.0,0.992,0.995,380371744.0,377328770,377328770,2024-06-28,2024-06-28 15:34:18+08:00
87,560700,央企红利50ETF,1.009,1.0061,-0.29,0.016,1.61,270273.0,27139181.0,0.995,1.012,0.992,0.993,2.01,3.9,1.26,-18.28,161266.0,109007.0,-2337044.0,-8.61,108534.0,0.4,-2445578.0,-9.01,2488909.0,9.17,-151866.0,-0.56,1.0,1.007,1.008,693536896.0,699778728,699778728,2024-06-28,2024-06-28 16:11:56+08:00
88,560690,电信ETF基金,1.01,1.0146,0.45,0.016,1.61,28301.0,2850377.0,1.001,1.014,1.001,0.994,1.31,18.69,2.71,12.01,15124.0,13177.0,347249.0,12.18,88401.0,3.1,258848.0,9.08,-323245.0,-11.34,-24004.0,-0.84,-150.0,1.009,1.014,15139000.0,15290390,15290390,2024-06-28,2024-06-28 16:11:43+08:00
89,515150,一带一路ETF,1.201,1.2003,-0.06,0.019,1.61,73605.0,8804199.0,1.184,1.206,1.183,1.182,1.95,1.3,0.9,17.09,28751.0,44854.0,-621138.0,-7.06,0.0,0.0,-621138.0,-7.06,705823.0,8.02,-84686.0,-0.96,227.0,1.199,1.2,565703200.0,679409543,679409543,2024-06-28,2024-06-28 16:11:48+08:00
90,561100,消费电子ETF富国,0.696,0.6961,0.01,0.011,1.61,358407.0,24956068.0,0.689,0.704,0.682,0.685,3.21,8.21,1.24,8.03,180805.0,177602.0,-842986.0,-3.38,-2265797.0,-9.08,1422811.0,5.7,453361.0,1.82,389624.0,1.56,100.0,0.695,0.696,436746896.0,303975840,303975840,2024-06-28,2024-06-28 16:11:34+08:00
91,512950,央企改革ETF,1.268,1.2686,0.05,0.02,1.6,275677.0,34789918.0,1.244,1.273,1.244,1.248,2.32,0.63,1.71,-15.16,110648.0,165029.0,9627239.0,27.67,7440521.0,21.39,2186718.0,6.29,-5959049.0,-17.13,-3668190.0,-10.54,38.0,1.267,1.268,4384550912.0,5559610556,5559610556,2024-06-28,2024-06-28 16:11:39+08:00
92,562380,央企科技引领ETF,0.762,0.7621,0.01,0.012,1.6,99271.0,7564736.0,0.751,0.767,0.75,0.75,2.27,4.2,1.03,-3.3,52608.0,46663.0,45770.0,0.61,-16808.0,-0.22,62578.0,0.83,-59399.0,-0.79,13628.0,0.18,-23.0,0.762,0.763,236628900.0,180311222,180311222,2024-06-28,2024-06-28 16:11:36+08:00
93,159662,交运ETF,0.956,0.9582,0.23,0.015,1.59,130876.0,12509658.1,0.942,0.961,0.942,0.941,2.02,18.15,1.15,6.55,74163.0,56713.0,203092.0,1.62,0.0,0.0,203092.0,1.62,-62423.0,-0.5,-140669.0,-1.12,-3.0,0.956,0.957,72113946.0,68940932,68940932,2024-06-28,2024-06-28 15:34:51+08:00
94,159513,纳斯达克100指数ETF,1.217,1.1987,-1.53,0.019,1.59,2439752.0,295900430.5,1.207,1.221,1.207,1.198,1.17,5.43,1.95,-9.94,1430764.0,1008988.0,-6195756.0,-2.09,3047706.0,1.03,-9243462.0,-3.12,6798598.0,2.3,-602842.0,-0.2,-19348.0,1.217,1.218,4494548992.0,5469866123,5469866123,2024-06-28,2024-06-28 15:34:48+08:00
95,159545,恒生红利低波ETF,1.094,1.0913,-0.25,0.017,1.58,87079.0,9509291.385,1.073,1.099,1.072,1.077,2.51,4.34,0.75,-54.58,52831.0,34248.0,1115066.0,11.73,91875.0,0.97,1023191.0,10.76,-571313.0,-6.01,-543753.0,-5.72,167.0,1.093,1.094,200803689.0,219679236,219679236,2024-06-28,2024-06-28 15:34:21+08:00
96,159959,央企ETF,1.361,1.3627,0.12,0.021,1.57,109282.0,14852069.3,1.339,1.367,1.339,1.34,2.09,0.51,1.89,-13.86,58522.0,50760.0,-334961.0,-2.26,-1263110.0,-8.5,928149.0,6.25,328248.0,2.21,6714.0,0.05,-2.0,1.361,1.362,2156891776.0,2935529707,2935529707,2024-06-28,2024-06-28 15:34:36+08:00
97,159635,基建50ETF,0.978,0.979,0.1,0.015,1.56,151587.0,14798749.3,0.961,0.986,0.961,0.963,2.6,13.31,1.0,-19.5,74755.0,76832.0,131098.0,0.89,0.0,0.0,131098.0,0.89,-333291.0,-2.25,202193.0,1.37,1879.0,0.976,0.98,113846980.0,111342346,111342346,2024-06-28,2024-06-28 15:34:09+08:00
98,513300,纳斯达克ETF,1.899,1.8044,-5.24,0.029,1.55,2322061.0,439277165.0,1.889,1.9,1.885,1.87,0.8,9.41,1.35,1.66,1162395.0,1159666.0,16286397.0,3.71,-2123222.0,-0.48,18409619.0,4.19,-7713707.0,-1.76,-8572691.0,-1.95,-265.0,1.899,1.9,2468921008.0,4688480994,4688480994,2024-06-28,2024-06-28 16:11:50+08:00
99,159519,港股国企ETF,1.251,1.2255,-2.08,0.019,1.54,184351.0,22997450.8,1.23,1.259,1.229,1.232,2.44,16.15,1.18,-25.4,91794.0,92557.0,920263.0,4.0,-622500.0,-2.71,1542763.0,6.71,-158554.0,-0.69,-761709.0,-3.31,367.0,1.25,1.251,114157854.0,142811475,142811475,2024-06-28,2024-06-28 15:34:39+08:00
100,159619,基建ETF,0.923,0.9229,-0.01,0.014,1.54,256281.0,23582840.658,0.909,0.928,0.906,0.909,2.42,12.03,1.23,14.55,124545.0,131736.0,731780.0,3.1,1811211.0,7.68,-1079431.0,-4.58,-730620.0,-3.1,-1161.0,0.0,115.0,0.922,0.923,212981007.0,196581469,196581469,2024-06-28,2024-06-28 15:34:18+08:00
101,159811,5G50ETF,1.06,1.0616,0.15,0.016,1.53,79957.0,8489918.88,1.04,1.068,1.037,1.044,2.97,4.34,1.15,-10.0,35088.0,44869.0,230316.0,2.71,0.0,0.0,230316.0,2.71,-60572.0,-0.71,-169745.0,-2.0,-97.0,1.06,1.061,184343393.0,195403997,195403997,2024-06-28,2024-06-28 15:34:15+08:00
102,159713,稀土ETF,0.598,0.5987,0.12,0.009,1.53,189004.0,11346078.1,0.587,0.606,0.587,0.589,3.23,5.37,0.85,-16.31,101099.0,87905.0,52889.0,0.47,840800.0,7.41,-787911.0,-6.94,507715.0,4.47,-560604.0,-4.94,-555.0,0.598,0.6,351755056.0,210349523,210349523,2024-06-28,2024-06-28 15:34:12+08:00
103,513730,东南亚科技ETF,1.131,1.0935,-3.43,0.017,1.53,283018.0,31838163.0,1.119,1.132,1.117,1.114,1.35,5.65,1.51,26.1,186792.0,96226.0,-2867468.0,-9.01,454277.0,1.43,-3321745.0,-10.43,2540818.0,7.98,326651.0,1.03,200.0,1.13,1.132,501355008.0,567032514,567032514,2024-06-28,2024-06-28 16:11:40+08:00
104,510170,大宗商品ETF,0.865,0.8641,-0.1,0.013,1.53,44324.0,3821999.0,0.852,0.87,0.84,0.852,3.52,1.82,1.05,-10.07,18891.0,25433.0,836595.0,21.89,1552424.0,40.62,-715829.0,-18.73,-513462.0,-13.43,-323133.0,-8.45,54.0,0.865,0.866,242914800.0,210121302,210121302,2024-06-28,2024-06-28 16:11:59+08:00
105,560070,央企股东回报ETF,1.003,1.0021,-0.09,0.015,1.52,80575.0,8060060.0,0.991,1.007,0.988,0.988,1.92,1.15,0.91,-7.86,53258.0,27317.0,374623.0,4.65,402400.0,4.99,-27777.0,-0.34,-272785.0,-3.38,-101837.0,-1.26,732.0,1.002,1.003,700062304.0,702162491,702162491,2024-06-28,2024-06-28 16:11:37+08:00
106,159667,工业母机ETF,0.811,0.8109,-0.01,0.012,1.5,507247.0,41205766.73,0.797,0.819,0.793,0.799,3.25,8.88,1.09,46.43,250521.0,256726.0,4482284.0,10.88,1403662.0,3.41,3078622.0,7.47,-2684497.0,-6.51,-1797787.0,-4.36,-1424.0,0.811,0.812,571016912.0,463094716,463094716,2024-06-28,2024-06-28 15:34:57+08:00
107,515990,国企一带一路ETF,1.219,1.2188,-0.02,0.018,1.5,58453.0,7089640.0,1.199,1.225,1.199,1.201,2.16,6.4,1.22,-15.89,42644.0,15809.0,615964.0,8.69,-1909846.0,-26.94,2525810.0,35.63,-585803.0,-8.26,-30162.0,-0.43,-144.0,1.219,1.221,91350200.0,111355894,111355894,2024-06-28,2024-06-28 16:11:55+08:00
108,159663,机床ETF,0.816,0.8162,0.02,0.012,1.49,138028.0,11275628.9,0.804,0.824,0.801,0.804,2.86,12.49,0.85,27.76,77404.0,60624.0,48206.0,0.43,0.0,0.0,48206.0,0.43,-167406.0,-1.48,119200.0,1.06,34.0,0.815,0.816,110517585.0,90182349,90182349,2024-06-28,2024-06-28 15:34:54+08:00
109,159779,消费电子50ETF,0.624,0.6241,0.02,0.009,1.46,129747.0,8118295.1,0.615,0.63,0.611,0.615,3.09,11.01,1.11,-80.57,74998.0,54749.0,89299.0,1.1,628720.0,7.74,-539421.0,-6.64,48971.0,0.6,-138271.0,-1.7,-192.0,0.624,0.625,117869337.0,73550466,73550466,2024-06-28,2024-06-28 15:34:54+08:00
110,513690,恒生高股息ETF,0.84,0.8211,-2.3,0.012,1.45,827989.0,69470699.0,0.826,0.846,0.826,0.828,2.42,3.85,1.0,-77.15,423338.0,404651.0,8277264.0,11.91,12483128.0,17.97,-4205864.0,-6.05,-6918683.0,-9.96,-1358581.0,-1.96,810.0,0.84,0.841,2149479904.0,1805563119,1805563119,2024-06-28,2024-06-28 16:11:44+08:00
111,159666,交通运输ETF,0.91,0.9112,0.13,0.013,1.45,15084.0,1373454.5,0.897,0.914,0.897,0.897,1.9,1.74,1.52,-61.19,7515.0,7569.0,-21766.0,-1.58,0.0,0.0,-21766.0,-1.58,24670.0,1.8,-2904.0,-0.21,55.0,0.908,0.91,86832905.0,79017944,79017944,2024-06-28,2024-06-28 15:34:27+08:00
112,159909,TMT50ETF,0.566,0.5657,-0.05,0.008,1.43,34062.0,1933905.1,0.559,0.573,0.556,0.558,3.05,0.59,0.97,-16.35,15101.0,18961.0,85069.0,4.4,0.0,0.0,85069.0,4.4,850.0,0.04,-85919.0,-4.44,-103.0,0.566,0.567,579062000.0,327749092,327749092,2024-06-28,2024-06-28 15:34:06+08:00
113,513530,港股通红利ETF,1.357,1.3318,-1.89,0.019,1.42,558484.0,75911274.0,1.338,1.371,1.333,1.338,2.84,13.84,1.29,33.54,313735.0,244749.0,496492.0,0.65,-1465430.0,-1.93,1961922.0,2.58,-208186.0,-0.27,-288307.0,-0.38,145.0,1.356,1.357,403438704.0,547466321,547466321,2024-06-28,2024-06-28 16:11:55+08:00
114,159547,红利低波50ETF,1.09,1.0879,-0.19,0.015,1.4,16801.0,1825042.022,1.076,1.091,1.075,1.075,1.49,8.71,1.02,24.72,11397.0,5404.0,57540.0,3.15,217600.0,11.92,-160060.0,-8.77,-32444.0,-1.78,-25096.0,-1.38,20.0,1.089,1.09,19286075.0,21021822,21021822,2024-06-28,2024-06-28 15:35:00+08:00
115,562340,中证500成长ETF,0.946,0.9457,-0.03,0.013,1.39,14679.0,1385432.0,0.937,0.951,0.937,0.933,1.5,2.06,1.63,24.03,5306.0,9373.0,697986.0,50.38,0.0,0.0,697986.0,50.38,-588484.0,-42.48,-109502.0,-7.9,1.0,0.943,0.946,71144300.0,67302508,67302508,2024-06-28,2024-06-28 16:11:55+08:00
116,516970,基建50ETF,1.027,1.0275,0.05,0.014,1.38,447603.0,46023494.0,1.011,1.037,1.01,1.013,2.67,1.44,1.02,3.81,228274.0,219329.0,3856770.0,8.38,1883263.0,4.09,1973507.0,4.29,-2080604.0,-4.52,-1776166.0,-3.86,-6.0,1.027,1.028,3102042496.0,3185797643,3185797643,2024-06-28,2024-06-28 16:11:32+08:00
117,513100,纳指ETF,1.475,1.4209,-3.81,0.02,1.37,6991522.0,1029961319.0,1.466,1.479,1.466,1.455,0.89,7.57,1.29,12.53,4094717.0,2896804.0,-9962765.0,-0.97,10453808.0,1.01,-20416573.0,-1.98,5887492.0,0.57,4075272.0,0.4,2231.0,1.474,1.475,9237110528.0,13624738029,13624738029,2024-06-28,2024-06-28 16:11:39+08:00
118,159709,物联网ETF工银,0.745,0.7451,0.01,0.01,1.36,1022.0,76540.2,0.743,0.753,0.742,0.735,1.5,0.09,0.35,-24.28,608.0,414.0,10203.0,13.33,0.0,0.0,10203.0,13.33,-250.0,-0.33,-9952.0,-13.0,1.0,0.747,0.752,112484060.0,83800625,83800625,2024-06-28,2024-06-28 15:34:21+08:00
119,159511,通信ETF基金,0.894,0.8963,0.26,0.012,1.36,10822.0,968862.5,0.888,0.902,0.888,0.882,1.59,0.97,0.29,78.26,1852.0,8970.0,185235.0,19.12,178.0,0.02,185057.0,19.1,-188172.0,-19.42,2937.0,0.3,-113.0,0.894,0.901,111944573.0,100078448,100078448,2024-06-28,2024-06-28 15:34:45+08:00
120,561600,消费电子ETF,0.672,0.6716,-0.06,0.009,1.36,128640.0,8653334.0,0.659,0.68,0.659,0.663,3.17,10.11,1.0,-24.83,77783.0,50857.0,-288808.0,-3.34,-294976.0,-3.41,6168.0,0.07,274930.0,3.18,13877.0,0.16,50.0,0.671,0.672,127274000.0,85528128,85528128,2024-06-28,2024-06-28 16:11:37+08:00
121,159896,物联网龙头ETF,0.683,0.6854,0.35,0.009,1.34,88605.0,6082171.382,0.68,0.691,0.68,0.674,1.63,10.93,1.35,-1.33,45329.0,43276.0,242150.0,3.98,623383.0,10.25,-381233.0,-6.27,-223022.0,-3.67,-19129.0,-0.31,1.0,0.684,0.687,81055960.0,55361221,55361221,2024-06-28,2024-06-28 15:35:00+08:00
122,515590,500等权ETF,1.228,1.2142,-1.14,0.016,1.32,458.0,56191.0,1.213,1.229,1.213,1.212,1.32,0.23,0.44,-0.21,85.0,373.0,35298.0,62.82,0.0,0.0,35298.0,62.82,-40646.0,-72.34,5349.0,9.52,-1.0,1.213,1.214,20113700.0,24699624,24699624,2024-06-28,2024-06-28 16:11:47+08:00
123,510060,央企ETF,2.232,2.2324,0.02,0.029,1.32,25274.0,5611725.0,2.205,2.235,2.2,2.203,1.59,4.52,1.82,-5.57,20155.0,5118.0,462264.0,8.24,1868424.0,33.3,-1406160.0,-25.06,-214364.0,-3.82,-247900.0,-4.42,-86.0,2.231,2.232,55959200.0,124900934,124900934,2024-06-28,2024-06-28 16:11:40+08:00
124,510160,产业升级ETF,0.771,0.7701,-0.12,0.01,1.31,1519.0,116740.0,0.765,0.772,0.764,0.761,1.05,0.05,0.05,-4.84,1470.0,49.0,100429.0,86.03,0.0,0.0,100429.0,86.03,-102310.0,-87.64,1881.0,1.61,1.0,0.768,0.77,322057408.0,248306262,248306262,2024-06-28,2024-06-28 16:11:37+08:00
125,159715,稀土ETF易方达,0.541,0.5428,0.33,0.007,1.31,146575.0,7943336.6,0.534,0.549,0.534,0.534,2.81,4.43,1.13,-50.36,74113.0,72462.0,172758.0,2.17,0.0,0.0,172758.0,2.17,-135530.0,-1.71,-37229.0,-0.47,-3.0,0.541,0.542,331030272.0,179087377,179087377,2024-06-28,2024-06-28 15:34:24+08:00
126,159502,标普生物科技ETF,1.016,0.9912,-2.5,0.013,1.3,525753.0,53204981.7,1.012,1.018,1.009,1.003,0.9,6.12,0.79,23.8,282164.0,243589.0,2913535.0,5.48,-3833526.0,-7.21,6747061.0,12.68,-2121531.0,-3.99,-792003.0,-1.49,-5243.0,1.016,1.017,859323024.0,873072192,873072192,2024-06-28,2024-06-28 15:34:27+08:00
127,515110,一带一路国企ETF,1.259,1.2606,0.13,0.016,1.29,58377.0,7334211.0,1.241,1.267,1.241,1.243,2.09,2.65,1.24,16.11,17484.0,40893.0,184063.0,2.51,0.0,0.0,184063.0,2.51,-122273.0,-1.67,-61790.0,-0.84,-200.0,1.259,1.263,220295000.0,277351405,277351405,2024-06-28,2024-06-28 16:11:59+08:00
128,159685,1000增强ETF天弘,0.788,0.7878,-0.03,0.01,1.29,85154.0,6744330.6,0.779,0.799,0.779,0.778,2.57,25.46,0.85,-20.23,53229.0,31925.0,-160062.0,-2.37,564616.0,8.37,-724678.0,-10.74,161163.0,2.39,-1103.0,-0.02,-3556.0,0.787,0.788,33440067.0,26350773,26350773,2024-06-28,2024-06-28 15:34:48+08:00
129,159769,消费电子龙头ETF,0.71,0.711,0.14,0.009,1.28,50472.0,3598373.066,0.701,0.718,0.701,0.701,2.43,12.48,1.3,-26.54,17606.0,32866.0,223800.0,6.22,942762.0,26.2,-718962.0,-19.98,-250102.0,-6.95,26300.0,0.73,601.0,0.709,0.71,40445320.0,28716177,28716177,2024-06-28,2024-06-28 15:34:18+08:00
130,159941,纳指ETF,1.107,1.0716,-3.3,0.014,1.28,10431652.0,1153870576.1,1.103,1.109,1.103,1.093,0.55,5.25,1.38,5.28,6965641.0,3466011.0,-8313998.0,-0.72,-20265856.0,-1.76,11951858.0,1.04,8837928.0,0.77,-523933.0,-0.05,-164605.0,1.107,1.108,19874710272.0,22001304271,22001304271,2024-06-28,2024-06-28 15:34:15+08:00
131,561960,央企回报ETF,1.036,1.0365,0.05,0.013,1.27,35178.0,3644305.0,1.025,1.042,1.025,1.023,1.66,2.81,1.55,14.95,16999.0,18179.0,161752.0,4.44,-518500.0,-14.23,680252.0,18.67,-106758.0,-2.93,-54994.0,-1.51,-8.0,1.036,1.038,125185200.0,129691867,129691867,2024-06-28,2024-06-28 16:11:37+08:00
132,159997,电子ETF,0.877,0.8761,-0.1,0.011,1.27,551879.0,48412215.4,0.864,0.886,0.859,0.866,3.12,3.63,1.03,-49.49,295079.0,256800.0,-1620537.0,-3.35,630582.0,1.3,-2251119.0,-4.65,1181953.0,2.44,438583.0,0.91,555.0,0.876,0.877,1519306640.0,1332431923,1332431923,2024-06-28,2024-06-28 15:34:51+08:00
133,518860,黄金ETFAU,5.314,5.3243,0.19,0.066,1.26,1094.0,580000.0,5.289,5.328,5.276,5.248,0.99,0.52,0.9,29.14,366.0,728.0,357406.0,61.62,0.0,0.0,357406.0,61.62,-198087.0,-34.15,-159320.0,-27.47,-1.0,5.314,5.322,20859800.0,110848977,110848977,2024-06-28,2024-06-28 16:11:51+08:00
134,159606,中证500成长ETF,0.812,0.8102,-0.22,0.01,1.25,68999.0,5601945.32,0.802,0.816,0.802,0.802,1.75,1.36,0.95,16.33,36519.0,32480.0,290534.0,5.19,0.0,0.0,290534.0,5.19,-182553.0,-3.26,-107981.0,-1.93,332.0,0.811,0.812,507222832.0,411864940,411864940,2024-06-28,2024-06-28 15:34:48+08:00
135,512890,红利低波ETF,1.059,1.0559,-0.29,0.013,1.24,3273726.0,345765258.0,1.046,1.062,1.043,1.046,1.82,3.8,1.92,-4.2,2124441.0,1149285.0,-40939154.0,-11.84,-89198026.0,-25.8,48258872.0,13.96,43619794.0,12.62,-2680639.0,-0.78,-2803.0,1.058,1.059,8615110912.0,9123402456,9123402456,2024-06-28,2024-06-28 16:11:36+08:00
136,159542,工程机械ETF,0.98,0.9848,0.49,0.012,1.24,15744.0,1551512.191,0.969,0.99,0.969,0.968,2.17,2.58,1.52,-60.39,8170.0,7574.0,983421.0,63.38,79106.0,5.1,904315.0,58.29,-896181.0,-57.76,-87241.0,-5.62,-500.0,0.98,0.986,61092850.0,59870993,59870993,2024-06-28,2024-06-28 15:34:15+08:00
137,515320,电子50ETF,0.661,0.6611,0.02,0.008,1.23,110927.0,7345003.0,0.653,0.666,0.653,0.653,1.99,3.32,1.19,-10.42,61707.0,49220.0,-50955.0,-0.69,-447410.0,-6.09,396455.0,5.4,89596.0,1.22,-38640.0,-0.53,340.0,0.659,0.661,334309008.0,220978254,220978254,2024-06-28,2024-06-28 16:11:40+08:00
138,562060,标普红利ETF,1.086,1.0819,-0.38,0.013,1.21,1190315.0,128904466.0,1.078,1.089,1.072,1.073,1.58,35.38,2.05,63.66,739602.0,450713.0,-5218238.0,-4.05,-22186857.0,-17.21,16968619.0,13.16,4531717.0,3.52,686522.0,0.53,-480.0,1.085,1.087,336396304.0,365326386,365326386,2024-06-28,2024-06-28 16:11:57+08:00
139,159632,纳斯达克ETF,1.679,1.6246,-3.35,0.02,1.21,1236384.0,207293138.5,1.672,1.68,1.672,1.659,0.48,2.46,1.29,-63.87,885542.0,350842.0,-16587433.0,-8.0,4446318.0,2.14,-21033751.0,-10.15,13321741.0,6.43,3265693.0,1.58,12317.0,1.678,1.679,5028720640.0,8443221955,8443221955,2024-06-28,2024-06-28 15:34:27+08:00
140,513500,标普500ETF,1.971,1.8456,-6.79,0.023,1.18,2087549.0,411417226.0,1.955,1.985,1.955,1.948,1.54,2.83,2.02,39.41,1253549.0,834000.0,-43456237.0,-10.56,-40153320.0,-9.76,-3302917.0,-0.8,38163107.0,9.28,5293130.0,1.29,715.0,1.969,1.97,7368638720.0,14523586917,14523586917,2024-06-28,2024-06-28 16:11:51+08:00
141,518890,中银上海金ETF,5.319,5.3291,0.19,0.062,1.18,2411.0,1281207.0,5.292,5.322,5.288,5.257,0.65,2.24,2.11,2.86,1490.0,921.0,-73462.0,-5.73,0.0,0.0,-73462.0,-5.73,76596.0,5.98,-3134.0,-0.24,-1.0,5.317,5.334,10754800.0,57204781,57204781,2024-06-28,2024-06-28 16:11:36+08:00
142,563020,红利低波动ETF,1.138,1.1367,-0.11,0.013,1.16,54876.0,6233245.0,1.127,1.14,1.125,1.125,1.33,1.23,0.8,-12.62,30302.0,24574.0,235508.0,3.78,-55211.0,-0.89,290719.0,4.66,47448.0,0.76,-282956.0,-4.54,8.0,1.136,1.138,445910000.0,507445580,507445580,2024-06-28,2024-06-28 16:11:33+08:00
143,515260,电子ETF,0.705,0.7028,-0.31,0.008,1.15,126050.0,8878628.0,0.693,0.71,0.69,0.697,2.87,1.63,0.81,0.37,54286.0,71764.0,134620.0,1.52,376304.0,4.24,-241684.0,-2.72,10841.0,0.12,-145460.0,-1.64,2.0,0.704,0.705,773284208.0,545165367,545165367,2024-06-28,2024-06-28 16:12:01+08:00
144,560030,800价值ETF,1.062,1.0576,-0.42,0.012,1.14,103825.0,11016277.0,1.05,1.063,1.05,1.05,1.24,28.5,2.45,13.56,73420.0,30405.0,-111175.0,-1.01,174609.0,1.59,-285784.0,-2.59,225441.0,2.05,-114264.0,-1.04,80.0,1.06,1.062,36432000.0,38690784,38690784,2024-06-28,2024-06-28 16:11:41+08:00
145,561370,2000ETF,0.797,0.7955,-0.19,0.009,1.14,48781.0,3890352.0,0.791,0.805,0.791,0.788,1.78,15.08,0.95,-36.88,20531.0,28250.0,342125.0,8.79,-117250.0,-3.01,459375.0,11.81,-320459.0,-8.24,-21666.0,-0.56,128.0,0.794,0.797,32356000.0,25787732,25787732,2024-06-28,2024-06-28 16:11:56+08:00
146,561780,1000增强ETF,0.895,0.8923,-0.3,0.01,1.13,48233.0,4298045.0,0.89,0.903,0.889,0.885,1.58,28.45,1.92,33.18,15727.0,32506.0,-21512.0,-0.5,0.0,0.0,-21512.0,-0.5,19844.0,0.46,1668.0,0.04,800.0,0.889,0.896,16955800.0,15175441,15175441,2024-06-28,2024-06-28 16:11:34+08:00
147,159726,恒生红利ETF,0.989,0.9866,-0.24,0.011,1.12,309572.0,30642649.3,0.975,0.998,0.975,0.978,2.35,5.71,1.07,7.17,174749.0,134823.0,6929647.0,22.61,2406995.0,7.86,4522652.0,14.76,-4632878.0,-15.12,-2296770.0,-7.5,725.0,0.988,0.989,541911376.0,535950351,535950351,2024-06-28,2024-06-28 15:34:33+08:00
148,518680,金ETF,5.28,5.29,0.19,0.057,1.09,19399.0,10226150.0,5.255,5.281,5.255,5.223,0.5,2.1,1.37,-21.1,8814.0,10585.0,1169628.0,11.44,0.0,0.0,1169628.0,11.44,-598827.0,-5.86,-570800.0,-5.58,5.0,5.278,5.28,92358000.0,487650240,487650240,2024-06-28,2024-06-28 16:11:37+08:00
149,513850,美国50ETF,1.299,1.2536,-3.62,0.014,1.09,847217.0,109844324.0,1.294,1.304,1.292,1.285,0.93,11.39,1.21,-5.72,517874.0,329343.0,-5134634.0,-4.67,-14919927.0,-13.58,9785293.0,8.91,3321910.0,3.02,1812725.0,1.65,-223.0,1.299,1.3,743892608.0,966316498,966316498,2024-06-28,2024-06-28 16:11:52+08:00
150,513110,纳斯达克100ETF,1.677,1.634,-2.63,0.018,1.08,509945.0,85438710.0,1.672,1.678,1.672,1.659,0.36,9.1,1.08,59.54,285246.0,224699.0,-3144963.0,-3.68,-9386458.0,-10.99,6241495.0,7.31,1163448.0,1.36,1981514.0,2.32,50.0,1.676,1.677,560435008.0,939849508,939849508,2024-06-28,2024-06-28 16:11:37+08:00
151,516320,高端装备ETF,0.653,0.6512,-0.28,0.007,1.08,7791.0,509413.0,0.648,0.657,0.648,0.646,1.39,0.78,0.6,0.64,5744.0,2047.0,40282.0,7.91,0.0,0.0,40282.0,7.91,-29682.0,-5.83,-10600.0,-2.08,1.0,0.651,0.653,99589300.0,65031813,65031813,2024-06-28,2024-06-28 16:11:39+08:00
152,562520,中证1000成长ETF,0.84,0.8406,0.07,0.009,1.08,41695.0,3519074.0,0.834,0.848,0.834,0.831,1.68,7.93,1.29,-5.4,14146.0,27549.0,-103700.0,-2.95,-214.0,-0.01,-103486.0,-2.94,64722.0,1.84,38979.0,1.11,-631.0,0.84,0.841,52568000.0,44157120,44157120,2024-06-28,2024-06-28 16:11:57+08:00
153,518800,黄金基金ETF,5.233,5.2444,0.22,0.056,1.08,227985.0,119050322.0,5.216,5.236,5.214,5.177,0.42,3.22,0.63,61.27,114009.0,113976.0,6376147.0,5.36,-35008.0,-0.03,6411155.0,5.39,-4299663.0,-3.61,-2076484.0,-1.74,-17.0,5.232,5.233,707519904.0,3702451658,3702451658,2024-06-28,2024-06-28 16:11:32+08:00
154,159937,黄金ETF基金,5.294,5.3006,0.12,0.056,1.07,361374.0,190999915.5,5.274,5.296,5.274,5.238,0.42,1.55,0.94,-35.29,168931.0,192443.0,6269019.0,3.28,-5692220.0,-2.98,11961239.0,6.26,-3044180.0,-1.59,-3224838.0,-1.69,-232.0,5.294,5.295,2326021984.0,12313960383,12313960383,2024-06-28,2024-06-28 15:34:39+08:00
155,515250,智能汽车ETF,0.758,0.7578,-0.03,0.008,1.07,421901.0,32045291.0,0.744,0.768,0.744,0.75,3.2,5.55,0.75,-5.84,237961.0,183940.0,1343841.0,4.19,847234.0,2.64,496607.0,1.55,-834467.0,-2.6,-509374.0,-1.59,200.0,0.757,0.758,759944496.0,576037928,576037928,2024-06-28,2024-06-28 16:11:38+08:00
156,159533,中证2000ETF基金,0.952,0.953,0.1,0.01,1.06,1869.0,178110.141,0.949,0.962,0.948,0.942,1.49,0.4,0.08,-98.82,1350.0,519.0,153779.0,86.34,0.0,0.0,153779.0,86.34,-87358.0,-49.05,-66421.0,-37.29,1.0,0.948,0.953,46458785.0,44228763,44228763,2024-06-28,2024-06-28 15:34:39+08:00
157,159934,黄金ETF,5.241,5.2485,0.14,0.055,1.06,428859.0,224321344.1,5.226,5.244,5.221,5.186,0.44,2.41,0.6,-16.13,242764.0,186095.0,7195762.0,3.21,-1677950.0,-0.75,8873712.0,3.96,-1463469.0,-0.65,-5732293.0,-2.56,1155.0,5.24,5.241,1777362640.0,9315157596,9315157596,2024-06-28,2024-06-28 15:34:24+08:00
158,518660,黄金ETF基金,5.28,5.2931,0.25,0.055,1.05,13737.0,7246438.0,5.265,5.284,5.263,5.225,0.4,2.62,1.2,87.0,2317.0,11420.0,3485323.0,48.1,0.0,0.0,3485323.0,48.1,-2269473.0,-31.32,-1215850.0,-16.78,-213.0,5.281,5.284,52352700.0,276422256,276422256,2024-06-28,2024-06-28 16:11:40+08:00
159,518880,黄金ETF,5.297,5.3076,0.2,0.055,1.05,2758656.0,1458430077.0,5.283,5.299,5.277,5.242,0.42,6.45,0.82,-37.7,1484783.0,1273873.0,49524688.0,3.4,63829184.0,4.38,-14304496.0,-0.98,-21234698.0,-1.46,-28289989.0,-1.94,68.0,5.296,5.297,4275340800.0,22646480218,22646480218,2024-06-28,2024-06-28 16:11:50+08:00
160,513650,标普500ETF基金,1.461,1.4061,-3.9,0.015,1.04,784119.0,114147469.0,1.445,1.463,1.444,1.446,1.31,10.25,1.89,-17.62,470504.0,313615.0,2173017.0,1.9,3840350.0,3.36,-1667333.0,-1.46,-1715600.0,-1.5,-457417.0,-0.4,-97.0,1.461,1.462,764734000.0,1117276374,1117276374,2024-06-28,2024-06-28 16:11:56+08:00
161,159501,纳斯达克指数ETF,1.365,1.329,-2.71,0.014,1.04,1538255.0,209601001.4,1.361,1.365,1.361,1.351,0.3,6.31,2.46,50.74,1011177.0,527078.0,-5662684.0,-2.7,-18136216.0,-8.65,12473532.0,5.95,3938129.0,1.88,1724556.0,0.82,23250.0,1.364,1.365,2436986576.0,3326486676,3326486676,2024-06-28,2024-06-28 15:34:27+08:00
162,159944,材料ETF,0.889,0.8898,0.09,0.009,1.02,20299.0,1800211.2,0.883,0.896,0.881,0.88,1.7,7.35,0.55,-45.3,8795.0,11504.0,25662.0,1.43,0.0,0.0,25662.0,1.43,-18699.0,-1.04,-6963.0,-0.39,-1.0,0.884,0.89,27608342.0,24543816,24543816,2024-06-28,2024-06-28 15:34:18+08:00
163,562360,机器人ETF基金,0.697,0.6956,-0.2,0.007,1.01,5639.0,393873.0,0.69,0.704,0.69,0.69,2.03,0.68,0.36,-50.55,2527.0,3112.0,52216.0,13.26,0.0,0.0,52216.0,13.26,-22628.0,-5.74,-29589.0,-7.51,5.0,0.694,0.697,83474000.0,58181378,58181378,2024-06-28,2024-06-28 16:11:34+08:00
164,562320,沪深300价值ETF,1.099,1.0973,-0.15,0.011,1.01,67096.0,7359219.0,1.089,1.102,1.087,1.088,1.38,15.5,0.99,8.04,36090.0,31006.0,-182217.0,-2.48,0.0,0.0,-182217.0,-2.48,152694.0,2.07,29523.0,0.4,4.0,1.097,1.1,43295500.0,47581755,47581755,2024-06-28,2024-06-28 16:11:36+08:00
165,518850,黄金ETF华夏,5.313,5.3248,0.22,0.053,1.01,27840.0,14774412.0,5.3,5.319,5.288,5.26,0.59,3.16,1.78,48.13,14696.0,13144.0,28581.0,0.19,732479.0,4.96,-703898.0,-4.76,1457801.0,9.87,-1486382.0,-10.06,-1.0,5.313,5.316,87978700.0,467430833,467430833,2024-06-28,2024-06-28 16:11:39+08:00
166,517900,银行ETF优选,1.109,1.107,-0.18,0.011,1.0,15794.0,1748628.0,1.093,1.112,1.093,1.098,1.73,3.76,0.98,14.53,12253.0,3541.0,120641.0,6.9,0.0,0.0,120641.0,6.9,-43602.0,-2.49,-77039.0,-4.41,30.0,1.108,1.109,41993500.0,46570792,46570792,2024-06-28,2024-06-28 16:11:40+08:00
167,515580,科技100ETF,0.706,0.7051,-0.13,0.007,1.0,225803.0,15959695.0,0.696,0.711,0.696,0.699,2.15,3.7,1.14,0.88,130324.0,95479.0,-93010.0,-0.58,850191.0,5.33,-943201.0,-5.91,-30637.0,-0.19,123645.0,0.77,70.0,0.705,0.706,610031408.0,430682174,430682174,2024-06-28,2024-06-28 16:11:35+08:00
168,563180,高股息ETF,1.01,1.01,0.0,0.01,1.0,51344.0,5171200.0,1.0,1.01,0.999,1.0,1.1,11.06,1.25,-90.55,30152.0,21192.0,697030.0,13.48,1757803.0,33.99,-1060773.0,-20.51,-482329.0,-9.33,-214700.0,-4.15,5.0,1.009,1.01,46420000.0,46884200,46884200,2024-06-28,2024-06-28 16:11:58+08:00
169,159612,标普500ETF,1.532,1.4665,-4.47,0.015,0.99,146962.0,22456041.4,1.523,1.532,1.52,1.517,0.79,4.9,1.08,33.35,84225.0,62737.0,-1186767.0,-5.28,-1164362.0,-5.19,-22405.0,-0.1,425117.0,1.89,761650.0,3.39,714.0,1.531,1.532,299898656.0,459444741,459444741,2024-06-28,2024-06-28 15:34:51+08:00
170,512220,TMTETF,1.334,1.3369,0.22,0.013,0.98,31367.0,4183695.0,1.308,1.348,1.306,1.321,3.18,1.24,0.62,1.09,13846.0,17521.0,411106.0,9.83,1046664.0,25.02,-635558.0,-15.19,93111.0,2.23,-504218.0,-12.05,1.0,1.333,1.334,251967600.0,336124778,336124778,2024-06-28,2024-06-28 16:11:55+08:00
171,516520,智能驾驶ETF,0.823,0.8232,0.02,0.008,0.98,27214.0,2249757.0,0.814,0.834,0.81,0.815,2.94,1.55,0.46,-9.94,17070.0,10144.0,-190799.0,-8.48,38446.0,1.71,-229245.0,-10.19,131748.0,5.86,59051.0,2.62,7.0,0.823,0.824,175765500.0,144655007,144655007,2024-06-28,2024-06-28 16:11:48+08:00
172,159795,智能车ETF基金,0.723,0.7243,0.18,0.007,0.98,46330.0,3375446.9,0.71,0.733,0.71,0.716,3.21,6.42,0.92,-11.27,14717.0,31613.0,126583.0,3.75,0.0,0.0,126583.0,3.75,-100810.0,-2.99,-25773.0,-0.76,2.0,0.723,0.726,72169473.0,52178529,52178529,2024-06-28,2024-06-28 15:34:27+08:00
173,510560,国寿500ETF,1.137,1.1294,-0.67,0.011,0.98,184.0,20921.0,1.137,1.137,1.137,1.126,0.0,0.01,0.45,-1.23,85.0,99.0,10687.0,51.08,0.0,0.0,10687.0,51.08,0.0,0.0,-10687.0,-51.08,-4.0,1.127,1.13,130318700.0,148172362,148172362,2024-06-28,2024-06-28 16:12:00+08:00
174,159696,纳指ETF易方达,1.345,1.3111,-2.59,0.013,0.98,120930.0,16254450.0,1.342,1.346,1.341,1.332,0.38,1.67,1.59,-75.4,58665.0,62265.0,-2374273.0,-14.61,-2363894.0,-14.54,-10379.0,-0.06,1914194.0,11.78,460079.0,2.83,-30.0,1.345,1.346,722824032.0,972198323,972198323,2024-06-28,2024-06-28 15:34:12+08:00
175,513310,中韩半导体ETF,1.351,1.3607,0.71,0.013,0.97,1391337.0,187508980.0,1.33,1.356,1.33,1.338,1.94,37.56,1.12,-51.81,721625.0,669712.0,5291465.0,2.82,10908390.0,5.82,-5616925.0,-3.0,-4056781.0,-2.16,-1234683.0,-0.66,3.0,1.35,1.351,370427008.0,500446888,500446888,2024-06-28,2024-06-28 16:11:47+08:00
176,159659,纳斯达克100ETF,1.559,1.5209,-2.51,0.015,0.97,311484.0,48555975.4,1.557,1.561,1.556,1.544,0.32,7.73,1.08,8.94,195578.0,115906.0,-2418129.0,-4.98,-7696494.0,-15.85,5278365.0,10.87,1359400.0,2.8,1058729.0,2.18,-649.0,1.559,1.56,402744064.0,627877996,627877996,2024-06-28,2024-06-28 15:34:21+08:00
177,560150,红利低波ETF泰康,1.052,1.0513,-0.07,0.01,0.96,100848.0,10583347.0,1.042,1.055,1.041,1.042,1.34,1.87,1.02,3.99,58597.0,42251.0,268639.0,2.54,0.0,0.0,268639.0,2.54,-278604.0,-2.63,9965.0,0.09,2.0,1.051,1.052,538279296.0,566269819,566269819,2024-06-28,2024-06-28 16:11:40+08:00
178,159505,国证2000指数ETF,0.843,0.8453,0.27,0.008,0.96,7184.0,609515.2,0.835,0.856,0.835,0.835,2.51,1.38,0.52,-75.42,3046.0,4138.0,279349.0,45.83,0.0,0.0,279349.0,45.83,-185297.0,-30.4,-94052.0,-15.43,-120.0,0.84,0.851,52104786.0,43924335,43924335,2024-06-28,2024-06-28 15:34:21+08:00
179,159660,纳指100ETF,1.585,1.5444,-2.63,0.015,0.96,254866.0,40341343.9,1.578,1.586,1.578,1.57,0.51,6.18,2.1,56.9,151773.0,103093.0,-4595583.0,-11.39,-1481325.0,-3.67,-3114258.0,-7.72,1613386.0,4.0,2982196.0,7.39,2769.0,1.584,1.585,412151360.0,653259906,653259906,2024-06-28,2024-06-28 15:34:48+08:00
180,561580,央企红利ETF,1.058,1.0564,-0.15,0.01,0.95,421413.0,44414586.0,1.045,1.06,1.045,1.048,1.43,9.94,1.06,26.34,259733.0,161680.0,-4187734.0,-9.43,-4562511.0,-10.27,374777.0,0.84,3999624.0,9.01,188111.0,0.42,300.0,1.057,1.058,423870704.0,448455205,448455205,2024-06-28,2024-06-28 16:12:01+08:00
181,560020,红利ETF添富,1.066,1.0641,-0.18,0.01,0.95,12591.0,1337939.0,1.06,1.067,1.06,1.056,0.66,2.01,0.86,-16.55,5828.0,6763.0,-172366.0,-12.88,-254184.0,-19.0,81818.0,6.12,223264.0,16.69,-50898.0,-3.8,877.0,1.064,1.066,62562000.0,66691092,66691092,2024-06-28,2024-06-28 16:11:35+08:00
182,516330,物联网ETF,0.854,0.8563,0.27,0.008,0.95,12649.0,1087756.0,0.845,0.863,0.845,0.846,2.13,2.45,2.25,16.21,6132.0,6517.0,157273.0,14.46,0.0,0.0,157273.0,14.46,-157728.0,-14.5,455.0,0.04,225.0,0.855,0.858,51671300.0,44127290,44127290,2024-06-28,2024-06-28 16:12:01+08:00
183,513190,港股通金融ETF,1.096,1.092,-0.37,0.01,0.92,128944.0,14146980.0,1.083,1.105,1.083,1.086,2.03,7.46,0.89,-11.17,69622.0,59322.0,658120.0,4.65,147998.0,1.05,510122.0,3.61,24401.0,0.17,-682522.0,-4.82,300.0,1.095,1.096,172936000.0,189537856,189537856,2024-06-28,2024-06-28 16:11:33+08:00
184,513520,日经ETF,1.426,1.3657,-4.42,0.013,0.92,3881283.0,558228307.0,1.439,1.453,1.424,1.413,2.05,59.77,1.55,-47.62,1969484.0,1911799.0,-13634878.0,-2.44,-6192864.0,-1.11,-7442014.0,-1.33,7691938.0,1.38,5942946.0,1.06,177.0,1.426,1.427,649387200.0,926026147,926026147,2024-06-28,2024-06-28 16:12:01+08:00
185,159525,红利低波ETF,0.988,0.9879,-0.01,0.009,0.92,69792.0,6885451.081,0.978,0.99,0.978,0.979,1.23,2.76,1.79,-48.48,40014.0,29777.0,985015.0,14.31,2538023.0,36.86,-1553008.0,-22.55,-593720.0,-8.62,-391294.0,-5.68,51.0,0.987,0.988,252743741.0,249710816,249710816,2024-06-28,2024-06-28 15:34:45+08:00
186,518600,上海金ETF,5.223,5.2343,0.22,0.047,0.91,48535.0,25320414.0,5.206,5.228,5.205,5.176,0.44,11.42,1.35,26.81,14540.0,33995.0,3515653.0,13.88,1589141.0,6.28,1926512.0,7.61,-7416357.0,-29.29,3900704.0,15.41,-100.0,5.222,5.224,42493600.0,221944073,221944073,2024-06-28,2024-06-28 16:11:32+08:00
187,562910,高端制造ETF,0.561,0.5619,0.16,0.005,0.9,45170.0,2536758.0,0.56,0.567,0.558,0.556,1.62,2.8,0.95,-52.9,16984.0,28186.0,83291.0,3.28,-151512.0,-5.97,234803.0,9.26,-3935.0,-0.16,-79355.0,-3.13,-24.0,0.56,0.562,161227300.0,90448515,90448515,2024-06-28,2024-06-28 16:11:39+08:00
188,515220,煤炭ETF,1.236,1.2356,-0.03,0.011,0.9,842122.0,103871834.0,1.221,1.244,1.22,1.225,1.96,3.44,0.95,5.88,580524.0,261598.0,-3648034.0,-3.51,-1085188.0,-1.04,-2562846.0,-2.47,-4078124.0,-3.93,7726158.0,7.44,878.0,1.236,1.237,2446176896.0,3023474643,3023474643,2024-06-28,2024-06-28 16:11:57+08:00
189,159581,红利ETF基金,1.017,1.0132,-0.38,0.009,0.89,208979.0,21213733.3,1.014,1.018,1.006,1.008,1.19,24.24,1.02,8.78,118450.0,90529.0,617524.0,2.91,0.0,0.0,617524.0,2.91,-516408.0,-2.43,-101117.0,-0.48,1205.0,1.016,1.017,86225708.0,87691545,87691545,2024-06-28,2024-06-28 15:34:39+08:00
190,513140,港股金融ETF,1.019,0.9976,-2.15,0.009,0.89,21763.0,2218811.0,1.012,1.022,1.011,1.01,1.09,3.9,0.53,-43.63,16314.0,5449.0,428331.0,19.3,0.0,0.0,428331.0,19.3,-354682.0,-15.99,-73649.0,-3.32,100.0,1.018,1.019,55868000.0,56929492,56929492,2024-06-28,2024-06-28 16:11:57+08:00
191,515450,红利低波50ETF,1.363,1.3585,-0.33,0.012,0.89,299081.0,40564377.0,1.353,1.363,1.347,1.351,1.18,1.78,1.21,-16.3,166797.0,132284.0,-2181250.0,-5.38,-5816094.0,-14.34,3634844.0,8.96,-245617.0,-0.61,2426868.0,5.98,7.0,1.362,1.363,1684335008.0,2295748616,2295748616,2024-06-28,2024-06-28 16:11:46+08:00
192,159515,国企红利ETF,1.025,1.0247,-0.03,0.009,0.89,26405.0,2703152.0,1.021,1.028,1.02,1.016,0.79,4.67,1.7,-15.71,12709.0,13696.0,45818.0,1.69,0.0,0.0,45818.0,1.69,-44106.0,-1.63,-1712.0,-0.06,20.0,1.024,1.025,56486631.0,57898797,57898797,2024-06-28,2024-06-28 15:34:27+08:00
193,513870,纳指ETF富国,1.38,1.346,-2.53,0.012,0.88,325651.0,44933428.0,1.378,1.382,1.375,1.368,0.51,17.73,2.18,-30.14,145143.0,180508.0,-4115913.0,-9.16,-7139235.0,-15.89,3023322.0,6.73,3591691.0,7.99,524223.0,1.17,1066.0,1.379,1.38,183671000.0,253465980,253465980,2024-06-28,2024-06-28 16:11:37+08:00
194,510270,国企ETF,1.265,1.2684,0.27,0.011,0.88,1462.0,184562.0,1.256,1.269,1.256,1.254,1.04,0.99,0.87,-33.95,1429.0,33.0,505.0,0.27,0.0,0.0,505.0,0.27,15662.0,8.49,-16168.0,-8.76,-5.0,1.265,1.269,14832100.0,18762607,18762607,2024-06-28,2024-06-28 16:11:53+08:00
195,159577,美国50ETF,1.16,1.1298,-2.67,0.01,0.87,500628.0,57987199.8,1.155,1.16,1.155,1.15,0.43,20.3,1.54,-73.15,240054.0,260574.0,-3516428.0,-6.06,-15480670.0,-26.7,11964242.0,20.63,2769351.0,4.78,747077.0,1.29,3947.0,1.159,1.16,246665791.0,286132318,286132318,2024-06-28,2024-06-28 15:34:36+08:00
196,159521,2000指数ETF,0.818,0.8187,0.09,0.007,0.86,116470.0,9589893.9,0.813,0.827,0.813,0.811,1.73,17.57,1.16,-4.02,36200.0,80270.0,-153092.0,-1.6,0.0,0.0,-153092.0,-1.6,138199.0,1.44,14893.0,0.16,-25.0,0.818,0.82,66274435.0,54212488,54212488,2024-06-28,2024-06-28 15:34:57+08:00
197,159655,标普ETF,1.526,1.4462,-5.52,0.013,0.86,99784.0,15211504.2,1.523,1.53,1.52,1.513,0.66,4.49,1.02,-52.95,48054.0,51730.0,-1248835.0,-8.21,-1202632.0,-7.91,-46203.0,-0.3,408751.0,2.69,840084.0,5.52,855.0,1.525,1.526,222143045.0,338990287,338990287,2024-06-28,2024-06-28 15:34:18+08:00
198,159535,中证2000ETF指数,0.827,0.8246,-0.29,0.007,0.85,76839.0,6381286.5,0.82,0.836,0.82,0.82,1.95,29.57,1.24,14.01,46159.0,30680.0,-8510.0,-0.13,845347.0,13.25,-853857.0,-13.38,44249.0,0.69,-35739.0,-0.56,102.0,0.826,0.827,25981088.0,21486360,21486360,2024-06-28,2024-06-28 15:34:42+08:00
199,510210,上证指数ETF,0.729,0.7286,-0.05,0.006,0.83,6510650.0,473968931.0,0.721,0.733,0.72,0.723,1.8,6.09,1.13,-33.4,4242086.0,2268564.0,110573834.0,23.33,193068598.0,40.73,-82494764.0,-17.41,-79809543.0,-16.84,-30764289.0,-6.49,-1700.0,0.729,0.73,10682192640.0,7787318435,7787318435,2024-06-28,2024-06-28 16:11:42+08:00
200,510950,上证50ETF指数,0.977,0.9722,-0.49,0.008,0.83,107334.0,10448851.0,0.967,0.977,0.967,0.969,1.03,11.39,1.14,-54.38,53376.0,53958.0,329509.0,3.15,1399487.0,13.39,-1069978.0,-10.24,-302336.0,-2.89,-27174.0,-0.26,92.0,0.973,0.977,94200000.0,92033400,92033400,2024-06-28,2024-06-28 16:11:41+08:00
201,510030,价值ETF,0.87,0.8698,-0.02,0.007,0.81,58624.0,5096437.0,0.863,0.874,0.861,0.863,1.51,3.66,1.69,36.84,32267.0,26357.0,320379.0,6.29,-383176.0,-7.52,703555.0,13.8,-342306.0,-6.72,21928.0,0.43,-3010.0,0.87,0.871,160229800.0,139399926,139399926,2024-06-28,2024-06-28 16:11:34+08:00
202,560590,1000ETF增强,0.875,0.8783,0.38,0.007,0.81,1237.0,108440.0,0.886,0.886,0.874,0.868,1.38,0.54,0.22,-36.73,24.0,1213.0,17597.0,16.23,0.0,0.0,17597.0,16.23,0.0,0.0,-17597.0,-16.23,-1.0,0.875,0.883,22710000.0,19871250,19871250,2024-06-28,2024-06-28 16:11:41+08:00
203,516570,化工行业ETF,0.753,0.7537,0.09,0.006,0.8,38910.0,2932984.0,0.751,0.756,0.75,0.747,0.8,8.22,1.45,-5.14,25896.0,13014.0,-31385.0,-1.07,227042.0,7.74,-258427.0,-8.81,35810.0,1.22,-4425.0,-0.15,292.0,0.752,0.754,47357600.0,35660273,35660273,2024-06-28,2024-06-28 16:11:32+08:00
204,515300,红利低波ETF基金,1.383,1.3807,-0.17,0.011,0.8,322826.0,44528976.0,1.373,1.385,1.367,1.372,1.31,1.65,1.84,22.85,210765.0,112061.0,-9063462.0,-20.35,-19054208.0,-42.79,9990746.0,22.44,5992028.0,13.46,3071433.0,6.9,260.0,1.382,1.383,1957675200.0,2707464802,2707464802,2024-06-28,2024-06-28 16:11:41+08:00
205,510720,红利国企ETF,1.006,1.0058,-0.02,0.008,0.8,443261.0,44547408.0,0.997,1.008,0.995,0.998,1.3,12.93,1.17,-52.22,282114.0,161147.0,13041692.0,29.28,17090762.0,38.37,-4049070.0,-9.09,-8995292.0,-20.19,-4046401.0,-9.08,100.0,1.005,1.006,342766000.0,344822596,344822596,2024-06-28,2024-06-28 16:11:44+08:00
206,510980,上证综合ETF,1.007,1.0079,0.09,0.008,0.8,306306.0,30838811.0,0.995,1.013,0.995,0.999,1.8,17.04,1.23,50.14,189900.0,116406.0,6056248.0,19.64,8320948.0,26.98,-2264700.0,-7.34,-2849577.0,-9.24,-3206671.0,-10.4,-390.0,1.007,1.008,179798000.0,181056586,181056586,2024-06-28,2024-06-28 16:11:59+08:00
207,512390,平安MSCI低波ETF,1.009,1.0108,0.18,0.008,0.8,26909.0,2715377.0,1.009,1.011,1.006,1.001,0.5,1.46,2.04,-16.93,10864.0,16045.0,-365958.0,-13.48,120336.0,4.43,-486294.0,-17.91,290160.0,10.69,75798.0,2.79,6.0,1.008,1.009,183682000.0,185335138,185335138,2024-06-28,2024-06-28 16:11:54+08:00
208,159306,汽车零件ETF,0.888,0.887,-0.11,0.007,0.79,123165.0,10964782.522,0.887,0.895,0.882,0.881,1.48,11.07,1.47,-28.07,69898.0,53267.0,293067.0,2.67,715854.0,6.53,-422787.0,-3.86,-627313.0,-5.72,334246.0,3.05,20.0,0.887,0.888,111244616.0,98785219,98785219,2024-06-28,2024-06-28 15:34:18+08:00
209,562500,机器人ETF,0.635,0.6344,-0.09,0.005,0.79,481547.0,30675923.0,0.629,0.642,0.628,0.63,2.22,3.44,0.72,4.19,228950.0,252597.0,553661.0,1.8,882162.0,2.88,-328501.0,-1.07,-356638.0,-1.16,-197024.0,-0.64,-1.0,0.635,0.636,1400687296.0,889436433,889436433,2024-06-28,2024-06-28 16:11:52+08:00
210,159804,创中盘88ETF,0.897,0.8962,-0.09,0.007,0.79,1119.0,99836.3,0.883,0.91,0.853,0.89,6.4,0.09,1.23,76.26,482.0,637.0,-31355.0,-31.41,0.0,0.0,-31355.0,-31.41,29050.0,29.1,2305.0,2.31,1.0,0.896,0.897,121899676.0,109344009,109344009,2024-06-28,2024-06-28 15:34:12+08:00
211,159850,恒生国企ETF,0.642,0.6401,-0.3,0.005,0.78,777992.0,49919775.326,0.631,0.645,0.631,0.637,2.2,4.84,1.24,-51.12,375491.0,402501.0,-2975886.0,-5.96,287614.0,0.58,-3263500.0,-6.54,-1945082.0,-3.9,4920969.0,9.86,-3598.0,0.642,0.643,1607706496.0,1032147570,1032147570,2024-06-28,2024-06-28 15:34:15+08:00
212,561060,国企红利ETF,1.03,1.028,-0.19,0.008,0.78,70322.0,7245665.0,1.025,1.033,1.025,1.022,0.78,20.05,1.96,-6.82,35254.0,35068.0,-429100.0,-5.92,-514545.0,-7.1,85445.0,1.18,418163.0,5.77,10937.0,0.15,500.0,1.028,1.03,35065000.0,36116950,36116950,2024-06-28,2024-06-28 16:11:36+08:00
213,515760,浙江国资ETF,1.03,1.0271,-0.28,0.008,0.78,7494.0,775373.0,1.028,1.037,1.028,1.022,0.88,0.39,2.29,-21.74,2546.0,4948.0,-26172.0,-3.38,0.0,0.0,-26172.0,-3.38,0.0,0.0,26172.0,3.38,20.0,1.026,1.029,189888100.0,195584743,195584743,2024-06-28,2024-06-28 16:11:34+08:00
214,159679,中证1000增强ETF,0.776,0.7747,-0.17,0.006,0.78,91609.0,7153456.4,0.771,0.786,0.77,0.77,2.08,2.85,1.24,-35.59,41516.0,50093.0,110751.0,1.55,0.0,0.0,110751.0,1.55,-24505.0,-0.34,-86247.0,-1.21,1.0,0.774,0.776,321289152.0,249320382,249320382,2024-06-28,2024-06-28 15:34:36+08:00
215,159518,标普油气ETF,1.035,1.0091,-2.57,0.008,0.78,149421.0,15429804.0,1.033,1.035,1.03,1.027,0.49,12.22,0.83,40.99,73709.0,75712.0,-954095.0,-6.18,-601041.0,-3.9,-353054.0,-2.29,819298.0,5.31,134797.0,0.87,-4867.0,1.035,1.036,122325369.0,126606757,126606757,2024-06-28,2024-06-28 15:34:51+08:00
216,512040,价值100ETF,0.906,0.9048,-0.13,0.007,0.78,455000.0,41276980.0,0.898,0.912,0.897,0.899,1.67,1.9,0.79,9.84,243331.0,211669.0,1227238.0,2.97,1564238.0,3.79,-337000.0,-0.82,-503681.0,-1.22,-723558.0,-1.75,6.0,0.905,0.906,2393715904.0,2168706609,2168706609,2024-06-28,2024-06-28 16:11:51+08:00
217,159913,深价值ETF,1.959,1.9546,-0.23,0.015,0.77,2.0,391.8,1.959,1.959,1.959,1.944,0.0,0.0,0.1,-24.52,,2.0,0.0,0.0,0.0,0.0,0.0,0.0,391.0,99.8,-391.0,-99.8,-1.0,1.951,1.956,28329693.0,55497869,55497869,2024-06-28,2024-06-28 15:34:27+08:00
218,510090,ESGETF基金,2.232,2.227,-0.22,0.017,0.77,10.0,2232.0,2.232,2.232,2.232,2.215,0.0,0.0,0.1,0.12,,10.0,2232.0,100.0,0.0,0.0,2232.0,100.0,0.0,0.0,-2232.0,-100.0,-10.0,2.226,2.229,31081100.0,69373015,69373015,2024-06-28,2024-06-28 16:11:58+08:00
219,159543,国证2000ETF基金,0.788,0.7897,0.22,0.006,0.77,24883.0,1958519.7,0.786,0.796,0.785,0.782,1.41,13.67,1.82,-13.93,8400.0,16483.0,85647.0,4.37,793446.0,40.51,-707799.0,-36.14,-47080.0,-2.4,-38567.0,-1.97,-200.0,0.785,0.786,18196551.0,14338882,14338882,2024-06-28,2024-06-28 15:34:18+08:00
220,563300,中证2000ETF,0.794,0.7946,0.08,0.006,0.76,2047283.0,163365868.0,0.785,0.805,0.783,0.788,2.79,16.27,1.02,27.09,1208949.0,838334.0,-6617794.0,-4.05,-13672790.0,-8.37,7054996.0,4.32,5465839.0,3.35,1151955.0,0.71,-10000.0,0.793,0.795,1258674000.0,999387156,999387156,2024-06-28,2024-06-28 16:11:58+08:00
221,516210,银行ETF指数基金,1.061,1.059,-0.19,0.008,0.76,55512.0,5887175.0,1.064,1.064,1.049,1.053,1.42,3.73,0.88,0.68,29319.0,26193.0,-74232.0,-1.26,1061000.0,18.02,-1135232.0,-19.28,49220.0,0.84,25011.0,0.42,292.0,1.057,1.061,148931000.0,158015791,158015791,2024-06-28,2024-06-28 16:11:40+08:00
222,159620,500成长ETF,0.801,0.8014,0.05,0.006,0.75,12486.0,1005611.4,0.798,0.809,0.798,0.795,1.38,3.27,0.76,31.24,6589.0,5897.0,25099.0,2.5,0.0,0.0,25099.0,2.5,-20706.0,-2.06,-4393.0,-0.44,-357.0,0.793,0.804,38140934.0,30550888,30550888,2024-06-28,2024-06-28 15:34:57+08:00
223,513290,纳指生物科技ETF,1.218,1.1874,-2.58,0.009,0.74,511892.0,62141018.0,1.21,1.219,1.21,1.209,0.74,7.53,0.6,-43.5,296949.0,214943.0,-761957.0,-1.23,-1711486.0,-2.75,949529.0,1.53,526935.0,0.85,235022.0,0.38,40.0,1.217,1.219,680072096.0,828327813,828327813,2024-06-28,2024-06-28 16:11:59+08:00
224,562530,中证1000价值ETF,0.954,0.9517,-0.24,0.007,0.74,12253.0,1178274.0,0.947,0.964,0.947,0.947,1.8,1.91,0.68,-0.53,4095.0,8158.0,-38797.0,-3.29,-481500.0,-40.86,442703.0,37.57,20169.0,1.71,18629.0,1.58,21.0,0.953,0.954,64144000.0,61193376,61193376,2024-06-28,2024-06-28 16:11:43+08:00
225,159743,湖北ETF,0.682,0.6824,0.06,0.005,0.74,16452.0,1130866.5,0.679,0.69,0.671,0.677,2.81,0.98,1.01,-94.02,7692.0,8760.0,13152.0,1.16,10939.0,0.97,2213.0,0.2,1811.0,0.16,-14964.0,-1.32,1.0,0.682,0.683,167941100.0,114535830,114535830,2024-06-28,2024-06-28 15:35:03+08:00
226,159701,物联网ETF招商,0.683,0.6853,0.34,0.005,0.74,82067.0,5628561.3,0.682,0.691,0.682,0.678,1.33,23.65,1.04,-1.32,41601.0,40466.0,-46088.0,-0.82,0.0,0.0,-46088.0,-0.82,53786.0,0.96,-7698.0,-0.14,-2.0,0.684,0.686,34705601.0,23703925,23703925,2024-06-28,2024-06-28 15:34:15+08:00
227,159318,恒生港股通ETF,0.971,0.9868,1.6,0.007,0.73,90039.0,8735275.499,0.95,0.976,0.95,0.964,2.7,4.47,0.33,-98.26,49942.0,40097.0,482279.0,5.52,-548687.0,-6.28,1030966.0,11.8,-345387.0,-3.95,-136891.0,-1.57,200.0,0.969,0.971,201601647.0,195755199,195755199,2024-06-28,2024-06-28 15:34:39+08:00
228,159528,国企改革ETF,0.972,0.9762,0.43,0.007,0.73,7977.0,776173.124,0.969,0.978,0.968,0.965,1.04,1.26,0.83,-98.17,4273.0,3704.0,316280.0,40.75,0.0,0.0,316280.0,40.75,-295168.0,-38.03,-21112.0,-2.72,29.0,0.928,0.972,63320773.0,61547791,61547791,2024-06-28,2024-06-28 15:34:51+08:00
229,510880,红利ETF,3.201,3.1963,-0.15,0.023,0.72,797687.0,254985981.0,3.176,3.209,3.169,3.178,1.26,1.37,1.02,-41.06,447107.0,350580.0,20522139.0,8.05,29494759.0,11.57,-8972620.0,-3.52,-2461068.0,-0.97,-18061072.0,-7.08,9.0,3.2,3.201,5803175680.0,18575965352,18575965352,2024-06-28,2024-06-28 16:11:47+08:00
230,563090,上证50ETF增强,0.977,0.9772,0.02,0.007,0.72,133286.0,12991269.0,0.97,0.979,0.969,0.97,1.03,6.23,1.42,7.49,71030.0,62256.0,800058.0,6.16,32029.0,0.25,768029.0,5.91,-643237.0,-4.95,-156820.0,-1.21,-82.0,0.977,0.978,213848000.0,208929496,208929496,2024-06-28,2024-06-28 16:11:45+08:00
231,159731,石化ETF,0.698,0.6994,0.2,0.005,0.72,4340.0,303356.3,0.696,0.702,0.696,0.693,0.87,1.0,0.58,91.64,2866.0,1474.0,-8927.0,-2.94,0.0,0.0,-8927.0,-2.94,-2234.0,-0.74,11160.0,3.68,4.0,0.691,0.699,43375802.0,30276310,30276310,2024-06-28,2024-06-28 15:34:27+08:00
232,159823,H股ETF基金,0.703,0.7009,-0.3,0.005,0.72,31317.0,2194514.1,0.696,0.705,0.695,0.698,1.43,6.78,2.17,-49.22,16174.0,15143.0,111039.0,5.06,-366482.0,-16.7,477521.0,21.76,-42971.0,-1.96,-68067.0,-3.1,2.0,0.699,0.703,46163219.0,32452743,32452743,2024-06-28,2024-06-28 15:35:00+08:00
233,159888,智能车ETF,0.845,0.8488,0.45,0.006,0.72,106183.0,9000330.536,0.839,0.859,0.839,0.839,2.38,8.53,1.06,-56.46,45674.0,60509.0,-38040.0,-0.42,420452.0,4.67,-458492.0,-5.09,29783.0,0.33,8256.0,0.09,-16.0,0.845,0.849,124446068.0,105156927,105156927,2024-06-28,2024-06-28 15:34:33+08:00
234,561280,中证1000ETF增强,0.847,0.8445,-0.3,0.006,0.71,33744.0,2871331.0,0.842,0.857,0.842,0.841,1.78,6.15,0.72,99.25,8458.0,25286.0,-176873.0,-6.16,217699.0,7.58,-394572.0,-13.74,221971.0,7.73,-45098.0,-1.57,20.0,0.844,0.855,54847700.0,46456002,46456002,2024-06-28,2024-06-28 16:11:52+08:00
235,562660,中证2000ETF华夏,0.853,0.8533,0.04,0.006,0.71,65766.0,5633435.0,0.847,0.866,0.846,0.847,2.36,6.79,0.81,-20.17,38273.0,27493.0,213150.0,3.78,-50974.0,-0.9,264124.0,4.69,-121611.0,-2.16,-91538.0,-1.62,106.0,0.853,0.854,96874000.0,82633522,82633522,2024-06-28,2024-06-28 16:11:47+08:00
236,159552,中证2000增强ETF,0.996,0.9981,0.21,0.007,0.71,1419825.0,141386312.136,0.984,1.006,0.983,0.989,2.33,65.19,,-24.28,1014762.0,405063.0,2773158.0,1.96,15130141.0,10.7,-12356983.0,-8.74,-2089028.0,-1.48,-684130.0,-0.48,-7901.0,0.996,0.997,217790319.0,216919158,216919158,2024-06-28,2024-06-28 15:34:06+08:00
237,159559,机器人ETF基金,0.857,0.8552,-0.21,0.006,0.71,25949.0,2231182.6,0.846,0.866,0.846,0.851,2.35,4.43,0.82,-4.46,10416.0,15533.0,188146.0,8.43,176074.0,7.89,12072.0,0.54,-215490.0,-9.66,27344.0,1.23,-1.0,0.857,0.865,58576622.0,50200165,50200165,2024-06-28,2024-06-28 15:34:45+08:00
238,516260,物联网50ETF,0.719,0.7214,0.33,0.005,0.7,22627.0,1633121.0,0.718,0.726,0.718,0.714,1.12,1.59,1.23,-16.66,9624.0,13003.0,35755.0,2.19,0.0,0.0,35755.0,2.19,-42241.0,-2.59,6487.0,0.4,-200.0,0.719,0.721,141882600.0,102013589,102013589,2024-06-28,2024-06-28 16:11:37+08:00
239,510760,上证综指ETF,1.008,1.0092,0.12,0.007,0.7,2127754.0,214559255.0,0.999,1.014,0.999,1.001,1.5,9.26,1.13,-10.4,1252797.0,874957.0,55907217.0,26.06,75366606.0,35.13,-19459389.0,-9.07,-37277341.0,-17.37,-18629876.0,-8.68,-3.0,1.008,1.009,2297503696.0,2315883726,2315883726,2024-06-28,2024-06-28 16:11:44+08:00
240,510010,180治理ETF,1.455,1.4598,0.33,0.01,0.69,604.0,87852.0,1.45,1.46,1.45,1.445,0.69,0.03,0.31,-35.35,106.0,498.0,62692.0,71.36,0.0,0.0,62692.0,71.36,-51930.0,-59.11,-10762.0,-12.25,-1.0,1.433,1.46,223524400.0,325228002,325228002,2024-06-28,2024-06-28 16:11:43+08:00
241,159653,ESG300ETF,0.875,0.873,-0.23,0.006,0.69,2.0,175.0,0.875,0.875,0.875,0.869,0.0,0.0,,-7.38,2.0,,87.0,49.71,0.0,0.0,87.0,49.71,0.0,0.0,-88.0,-50.29,1.0,0.869,0.871,61972068.0,54225560,54225560,2024-06-28,2024-06-28 15:34:42+08:00
242,512870,杭州湾区ETF,1.024,1.0154,-0.85,0.007,0.69,919.0,94107.0,1.017,1.025,1.017,1.017,0.79,0.28,3.03,0.0,157.0,762.0,-61971.0,-65.85,0.0,0.0,-61971.0,-65.85,74444.0,79.11,-12474.0,-13.26,-593.0,1.014,1.016,32410600.0,33188454,33188454,2024-06-28,2024-06-28 16:11:32+08:00
243,159712,港股通50ETF,0.878,0.8642,-1.6,0.006,0.69,8048.0,705250.5,0.887,0.887,0.872,0.872,1.72,1.26,0.54,-86.47,2716.0,5332.0,128311.0,18.19,0.0,0.0,128311.0,18.19,-101196.0,-14.35,-27115.0,-3.84,3.0,0.875,0.878,63778813.0,55997798,55997798,2024-06-28,2024-06-28 15:35:03+08:00
244,513400,道琼斯ETF,1.028,1.0069,-2.1,0.007,0.69,1303444.0,133820205.0,1.024,1.029,1.023,1.021,0.59,16.99,0.87,-52.7,648524.0,654920.0,5748637.0,4.3,4607616.0,3.44,1141021.0,0.85,-4311158.0,-3.22,-1437478.0,-1.07,1.0,1.027,1.028,767062000.0,788539736,788539736,2024-06-28,2024-06-28 16:11:34+08:00
245,562260,汽车配件ETF,0.882,0.8816,-0.05,0.006,0.68,79866.0,7081099.0,0.876,0.891,0.867,0.876,2.74,7.05,1.69,-8.38,40958.0,38908.0,1000775.0,14.13,1059249.0,14.96,-58474.0,-0.83,-485194.0,-6.85,-515582.0,-7.28,1.0,0.881,0.882,113331500.0,99958383,99958383,2024-06-28,2024-06-28 16:11:46+08:00
246,512330,信息科技ETF,0.741,0.7405,-0.07,0.005,0.68,48225.0,3600086.0,0.734,0.754,0.734,0.736,2.72,0.85,1.25,16.75,22387.0,25838.0,15875.0,0.44,0.0,0.0,15875.0,0.44,3491.0,0.1,-19367.0,-0.54,200.0,0.74,0.743,566688000.0,419915808,419915808,2024-06-28,2024-06-28 16:11:57+08:00
247,516110,汽车ETF,1.041,1.0411,0.01,0.007,0.68,332872.0,34677305.0,1.03,1.048,1.03,1.034,1.74,6.06,0.75,23.35,164762.0,168110.0,2141797.0,6.18,1883200.0,5.43,258597.0,0.75,-1316918.0,-3.8,-824879.0,-2.38,30.0,1.04,1.041,549623104.0,572157651,572157651,2024-06-28,2024-06-28 16:11:59+08:00
248,159671,稀有金属ETF基金,0.605,0.6049,-0.02,0.004,0.67,307704.0,18689212.328,0.598,0.611,0.598,0.601,2.16,3.36,0.91,-16.86,167073.0,140631.0,-121422.0,-0.65,998830.0,5.34,-1120252.0,-5.99,80700.0,0.43,40723.0,0.22,-405.0,0.605,0.606,917051744.0,554816305,554816305,2024-06-28,2024-06-28 15:34:24+08:00
249,517660,物联网沪港深ETF,0.757,0.753,-0.53,0.005,0.66,81830.0,6201342.0,0.753,0.761,0.753,0.752,1.06,16.95,1.09,0.01,37126.0,44704.0,-1134.0,-0.02,0.0,0.0,-1134.0,-0.02,0.0,0.0,1135.0,0.02,-2.0,0.757,0.759,48280700.0,36548490,36548490,2024-06-28,2024-06-28 16:11:50+08:00
250,513030,德国ETF,1.369,1.3337,-2.65,0.009,0.66,486529.0,66424748.0,1.364,1.369,1.362,1.36,0.51,6.58,0.78,39.88,246172.0,240357.0,841175.0,1.27,5389042.0,8.11,-4547867.0,-6.85,-129903.0,-0.2,-711273.0,-1.07,496.0,1.368,1.369,739779008.0,1012757462,1012757462,2024-06-28,2024-06-28 16:11:33+08:00
251,517770,游戏传媒ETF,0.763,0.7557,-0.97,0.005,0.66,30453.0,2317115.0,0.758,0.768,0.748,0.758,2.64,10.52,1.42,62.98,21331.0,9122.0,137496.0,5.93,449721.0,19.41,-312225.0,-13.47,-126860.0,-5.47,-10636.0,-0.46,-15.0,0.761,0.765,28947800.0,22087171,22087171,2024-06-28,2024-06-28 16:11:34+08:00
252,159536,中证2000ETF添富,0.794,0.7956,0.2,0.005,0.63,124475.0,9917405.1,0.793,0.804,0.786,0.789,2.28,13.35,1.02,-0.98,65754.0,58721.0,425637.0,4.29,-1441869.0,-14.54,1867506.0,18.83,-520522.0,-5.25,94884.0,0.96,-335.0,0.794,0.795,93261589.0,74049702,74049702,2024-06-28,2024-06-28 15:34:54+08:00
253,515280,银行龙头ETF,1.276,1.274,-0.16,0.008,0.63,135403.0,17225562.0,1.269,1.279,1.263,1.268,1.26,46.03,1.3,-0.68,66568.0,68835.0,-135617.0,-0.79,-430639.0,-2.5,295022.0,1.71,107107.0,0.62,28509.0,0.17,470.0,1.275,1.276,29418600.0,37538134,37538134,2024-06-28,2024-06-28 16:11:57+08:00
254,159565,汽车零部件ETF,0.957,0.958,0.1,0.006,0.63,4366.0,419781.6,0.951,0.965,0.951,0.951,1.47,1.47,0.45,-70.73,3236.0,1130.0,183309.0,43.67,0.0,0.0,183309.0,43.67,3263.0,0.78,-186572.0,-44.45,-65.0,0.957,0.96,29627231.0,28353260,28353260,2024-06-28,2024-06-28 15:34:57+08:00
255,517010,沪港深500ETF指数,0.798,0.793,-0.63,0.005,0.63,13535.0,1074173.0,0.791,0.798,0.791,0.793,0.88,2.05,0.98,-4.1,4235.0,9300.0,31890.0,2.97,492900.0,45.89,-461010.0,-42.92,-23910.0,-2.23,-7980.0,-0.74,100.0,0.794,0.797,66144200.0,52783072,52783072,2024-06-28,2024-06-28 16:11:55+08:00
256,512730,中证银行ETF,1.279,1.2789,-0.01,0.008,0.63,96713.0,12351363.0,1.273,1.285,1.267,1.271,1.42,15.21,1.09,-26.96,52036.0,44677.0,-283875.0,-2.3,0.0,0.0,-283875.0,-2.3,476101.0,3.85,-192225.0,-1.56,14.0,1.278,1.279,63583900.0,81323808,81323808,2024-06-28,2024-06-28 16:11:40+08:00
257,561310,消电ETF,0.641,0.6394,-0.25,0.004,0.63,170973.0,10939510.0,0.625,0.648,0.621,0.637,4.24,10.43,1.49,38.71,85123.0,85850.0,161536.0,1.48,-564796.0,-5.16,726332.0,6.64,-134842.0,-1.23,-26695.0,-0.24,-9.0,0.638,0.641,163916600.0,105070541,105070541,2024-06-28,2024-06-28 16:11:51+08:00
258,159939,信息技术ETF,0.482,0.482,0.0,0.003,0.63,329261.0,15935215.7,0.478,0.489,0.476,0.479,2.71,0.9,0.77,-0.79,140794.0,188467.0,1070674.0,6.72,943666.0,5.92,127008.0,0.8,-941325.0,-5.91,-129348.0,-0.81,1165.0,0.481,0.482,3657656112.0,1762990246,1762990246,2024-06-28,2024-06-28 15:34:21+08:00
259,159630,A100ETF基金,0.975,0.9717,-0.34,0.006,0.62,53026.0,5153755.4,0.97,0.976,0.968,0.969,0.83,21.11,1.49,-0.29,28168.0,24858.0,-796147.0,-15.45,0.0,0.0,-796147.0,-15.45,718775.0,13.95,77372.0,1.5,-30.0,0.975,0.977,25113744.0,24485900,24485900,2024-06-28,2024-06-28 15:35:00+08:00
260,159770,机器人ETF,0.651,0.6515,0.08,0.004,0.62,152770.0,9984060.6,0.641,0.659,0.641,0.647,2.78,2.37,0.95,-1.96,76658.0,76112.0,533330.0,5.34,-276957.0,-2.77,810287.0,8.12,-366698.0,-3.67,-166632.0,-1.67,-852.0,0.651,0.652,645087760.0,419952132,419952132,2024-06-28,2024-06-28 15:34:21+08:00
261,159608,稀有金属ETF,0.49,0.4906,0.12,0.003,0.62,199052.0,9799775.7,0.489,0.496,0.486,0.487,2.05,4.57,1.02,20.41,85601.0,113451.0,195547.0,2.0,245034.0,2.5,-49487.0,-0.5,-48463.0,-0.49,-147082.0,-1.5,-189.0,0.49,0.491,435210064.0,213252931,213252931,2024-06-28,2024-06-28 15:35:03+08:00
262,159791,300ESGETF,0.82,0.8184,-0.2,0.005,0.61,171.0,14050.8,0.823,0.823,0.815,0.815,0.98,0.05,0.03,-61.16,18.0,153.0,-7334.0,-52.2,0.0,0.0,-7334.0,-52.2,0.0,0.0,7334.0,52.2,-3.0,0.815,0.828,33083347.0,27128345,27128345,2024-06-28,2024-06-28 15:34:39+08:00
263,515020,银行ETF华夏,1.314,1.312,-0.15,0.008,0.61,103994.0,13631558.0,1.312,1.318,1.3,1.306,1.38,2.73,1.3,-1.55,59967.0,44027.0,-164606.0,-1.21,199676.0,1.46,-364282.0,-2.67,159391.0,1.17,5214.0,0.04,2500.0,1.31,1.315,380845296.0,500430719,500430719,2024-06-28,2024-06-28 16:11:34+08:00
264,561550,500增强ETF,0.825,0.8264,0.17,0.005,0.61,421055.0,34911211.0,0.819,0.835,0.818,0.82,2.07,3.9,1.47,-5.94,203487.0,217568.0,2016584.0,5.78,1151912.0,3.3,864672.0,2.48,-1837538.0,-5.26,-179046.0,-0.51,-416.0,0.825,0.826,1079989600.0,890991420,890991420,2024-06-28,2024-06-28 16:11:40+08:00
265,510180,上证180ETF,3.302,3.3011,-0.03,0.02,0.61,147992.0,48906297.0,3.288,3.318,3.278,3.282,1.22,0.25,0.84,16.58,70703.0,77289.0,3188787.0,6.52,161375.0,0.33,3027412.0,6.19,-1493342.0,-3.05,-1695443.0,-3.47,-10.0,3.298,3.304,5812057600.0,19191414195,19191414195,2024-06-28,2024-06-28 16:12:01+08:00
266,512700,银行ETF基金,1.322,1.3195,-0.19,0.008,0.61,458446.0,60445403.0,1.313,1.326,1.308,1.314,1.37,5.28,1.04,3.27,237550.0,220896.0,3194042.0,5.28,-314848.0,-0.52,3508890.0,5.81,-2544291.0,-4.21,-649751.0,-1.07,9.0,1.32,1.322,868581008.0,1148264093,1148264093,2024-06-28,2024-06-28 16:11:43+08:00
267,159575,创业板200ETF银华,0.827,0.827,0.0,0.005,0.61,25444.0,2124511.188,0.822,0.842,0.822,0.822,2.43,4.28,1.26,-93.89,12585.0,12859.0,-209744.0,-9.87,0.0,0.0,-209744.0,-9.87,259048.0,12.19,-49303.0,-2.32,50.0,0.823,0.827,59410425.0,49132421,49132421,2024-06-28,2024-06-28 15:34:06+08:00
268,560220,中证2000ETF广发,0.829,0.8275,-0.18,0.005,0.61,34773.0,2895566.0,0.825,0.838,0.824,0.824,1.7,7.61,0.86,36.34,9916.0,24857.0,-243178.0,-8.4,4962.0,0.17,-248140.0,-8.57,252080.0,8.71,-8903.0,-0.31,30.0,0.827,0.829,45717000.0,37899393,37899393,2024-06-28,2024-06-28 16:11:46+08:00
269,159571,创业板200ETF富国,0.829,0.8294,0.05,0.005,0.61,5833.0,486360.2,0.831,0.845,0.826,0.824,2.31,1.27,1.13,56.04,3002.0,2831.0,-83670.0,-17.2,0.0,0.0,-83670.0,-17.2,-15294.0,-3.14,98964.0,20.35,-33.0,0.829,0.834,45981814.0,38118924,38118924,2024-06-28,2024-06-28 15:34:48+08:00
270,159561,德国ETF,0.995,0.975,-2.05,0.006,0.61,80253.0,7962101.263,0.991,0.995,0.99,0.989,0.51,7.4,0.79,24.65,44133.0,36120.0,1163926.0,14.62,989386.0,12.43,174540.0,2.19,-892840.0,-11.21,-271086.0,-3.4,2623.0,0.994,0.995,108499489.0,107956992,107956992,2024-06-28,2024-06-28 15:34:21+08:00
271,159551,机器人产业ETF,0.831,0.831,0.0,0.005,0.61,47795.0,3981768.1,0.826,0.841,0.824,0.826,2.06,4.83,0.53,-8.03,29566.0,18229.0,-79693.0,-2.0,0.0,0.0,-79693.0,-2.0,74896.0,1.88,4797.0,0.12,70.0,0.83,0.831,98920923.0,82203287,82203287,2024-06-28,2024-06-28 15:35:03+08:00
272,517300,沪港深300ETF,0.665,0.6647,-0.05,0.004,0.61,8900.0,591071.0,0.661,0.668,0.66,0.661,1.21,0.03,1.19,16.02,3804.0,5096.0,390535.0,66.07,0.0,0.0,390535.0,66.07,-358965.0,-60.73,-31570.0,-5.34,1.0,0.664,0.665,2835434496.0,1885563940,1885563940,2024-06-28,2024-06-28 16:11:40+08:00
273,510020,超大盘ETF,2.661,2.655,-0.23,0.016,0.6,9528.0,2533085.0,2.658,2.667,2.642,2.645,0.95,2.49,1.16,0.41,4729.0,4799.0,32378.0,1.28,0.0,0.0,32378.0,1.28,-99028.0,-3.91,66650.0,2.63,-10.0,2.661,2.671,38248000.0,101777928,101777928,2024-06-28,2024-06-28 16:11:50+08:00
274,562000,中证100ETF基金,0.836,0.8341,-0.23,0.005,0.6,434852.0,36300210.0,0.831,0.838,0.83,0.831,0.96,5.72,1.05,-62.38,248844.0,186008.0,-1041663.0,-2.87,-3700765.0,-10.19,2659102.0,7.33,1042546.0,2.87,-883.0,0.0,9950.0,0.835,0.836,760368896.0,635668397,635668397,2024-06-28,2024-06-28 16:12:00+08:00
275,515860,科技ETF基金,1.009,1.0083,-0.07,0.006,0.6,13968.0,1413218.0,1.005,1.02,1.005,1.003,1.5,0.86,0.84,-1.12,4442.0,9526.0,152428.0,10.79,0.0,0.0,152428.0,10.79,-139257.0,-9.85,-13170.0,-0.93,19.0,1.009,1.01,162878900.0,164344810,164344810,2024-06-28,2024-06-28 16:11:47+08:00
276,159990,小盘价值ETF,1.178,1.1794,0.12,0.007,0.6,16173.0,1912873.136,1.178,1.19,1.176,1.171,1.2,6.36,1.18,94.7,7352.0,8821.0,-108443.0,-5.67,0.0,0.0,-108443.0,-5.67,174236.0,9.11,-65794.0,-3.44,10.0,1.173,1.178,25419629.0,29944323,29944323,2024-06-28,2024-06-28 15:35:00+08:00
277,516310,银行ETF易方达,1.015,1.0136,-0.14,0.006,0.59,207420.0,21000761.0,1.01,1.018,1.006,1.009,1.19,2.09,1.21,76.41,100789.0,106631.0,55785.0,0.27,0.0,0.0,55785.0,0.27,-14619.0,-0.07,-41165.0,-0.2,2006.0,1.015,1.016,993858496.0,1008766373,1008766373,2024-06-28,2024-06-28 16:11:44+08:00
278,515180,红利ETF易方达,1.358,1.3561,-0.14,0.008,0.59,577142.0,78315213.0,1.349,1.364,1.348,1.35,1.19,1.19,1.26,-18.61,452649.0,124493.0,-32396627.0,-41.37,-29384925.0,-37.52,-3011702.0,-3.85,12458542.0,15.91,19938085.0,25.46,25.0,1.358,1.359,4839636992.0,6572227035,6572227035,2024-06-28,2024-06-28 16:11:32+08:00
279,159549,红利低波动ETF,1.027,1.0274,0.04,0.006,0.59,16888.0,1737712.2,1.022,1.033,1.022,1.021,1.08,0.05,0.89,6.44,11429.0,5459.0,193557.0,11.14,4088.0,0.24,189469.0,10.9,-105092.0,-6.05,-88464.0,-5.09,-1459.0,1.027,1.032,3310523888.0,3399908033,3399908033,2024-06-28,2024-06-28 15:34:48+08:00
280,512970,大湾区ETF,1.028,1.0244,-0.35,0.006,0.59,216.0,22239.0,1.025,1.037,1.025,1.022,1.17,0.03,0.29,-92.86,97.0,119.0,-4773.0,-21.46,0.0,0.0,-4773.0,-21.46,0.0,0.0,4774.0,21.47,2.0,1.0,1.034,61987600.0,63723253,63723253,2024-06-28,2024-06-28 16:12:01+08:00
281,159778,工业互联ETF,0.69,0.6913,0.19,0.004,0.58,39549.0,2739590.3,0.684,0.698,0.684,0.686,2.04,6.23,0.95,64.53,22484.0,17065.0,122792.0,4.48,0.0,0.0,122792.0,4.48,-97308.0,-3.55,-25483.0,-0.93,500.0,0.687,0.692,63505382.0,43818714,43818714,2024-06-28,2024-06-28 15:34:57+08:00
282,562990,碳中和100ETF,0.693,0.6917,-0.19,0.004,0.58,176344.0,12237538.0,0.689,0.697,0.689,0.689,1.16,0.93,0.9,1.93,85880.0,90464.0,163701.0,1.34,841346.0,6.88,-677645.0,-5.54,-19177.0,-0.16,-144525.0,-1.18,1.0,0.692,0.693,1897756000.0,1315144908,1315144908,2024-06-28,2024-06-28 16:11:59+08:00
283,512520,MSCIETF,1.047,1.0461,-0.09,0.006,0.58,26820.0,2805794.0,1.043,1.051,1.042,1.041,0.86,3.44,1.52,-1.45,16928.0,9892.0,-293793.0,-10.47,0.0,0.0,-293793.0,-10.47,318751.0,11.36,-24959.0,-0.89,764.0,1.045,1.047,78056400.0,81725051,81725051,2024-06-28,2024-06-28 16:11:41+08:00
284,159866,日经ETF,1.052,1.0259,-2.54,0.006,0.57,1059864.0,112083369.0,1.06,1.064,1.049,1.046,1.43,19.54,1.07,-28.06,483547.0,576317.0,-4779581.0,-4.26,-3639913.0,-3.25,-1139668.0,-1.02,3438548.0,3.07,1341033.0,1.2,4279.0,1.051,1.052,542479376.0,570688304,570688304,2024-06-28,2024-06-28 15:34:48+08:00
285,515750,科技50ETF,1.055,1.0576,0.25,0.006,0.57,87390.0,9293170.0,1.04,1.072,1.039,1.049,3.15,1.59,1.32,89.26,48693.0,38697.0,1669014.0,17.96,2005967.0,21.59,-336953.0,-3.63,-1113309.0,-11.98,-555706.0,-5.98,-500.0,1.055,1.056,551140496.0,581453223,581453223,2024-06-28,2024-06-28 16:11:57+08:00
286,562700,汽车零部件ETF,0.886,0.8868,0.09,0.005,0.57,35553.0,3163926.0,0.872,0.896,0.872,0.881,2.72,5.25,2.05,-5.46,21421.0,14132.0,256121.0,8.1,471305.0,14.9,-215184.0,-6.8,-105975.0,-3.35,-150146.0,-4.75,-180.0,0.886,0.887,67750000.0,60026500,60026500,2024-06-28,2024-06-28 16:11:51+08:00
287,561950,500指数增强ETF,0.892,0.8915,-0.06,0.005,0.56,33033.0,2957013.0,0.886,0.902,0.886,0.887,1.8,3.19,0.84,0.93,21119.0,11914.0,73798.0,2.5,0.0,0.0,73798.0,2.5,-29420.0,-0.99,-44378.0,-1.5,225.0,0.888,0.891,103656000.0,92461152,92461152,2024-06-28,2024-06-28 16:11:50+08:00
288,510550,方正中证500ETF,1.251,1.2467,-0.34,0.007,0.56,310.0,38806.0,1.245,1.268,1.245,1.244,1.85,0.23,0.06,-28.96,86.0,224.0,22965.0,59.18,0.0,0.0,22965.0,59.18,0.0,0.0,-22965.0,-59.18,-5.0,1.244,1.249,13743300.0,17192868,17192868,2024-06-28,2024-06-28 16:11:56+08:00
289,515660,沪深300ETF国联安,4.113,4.107,-0.15,0.023,0.56,111580.0,45747754.0,4.162,4.162,4.091,4.09,1.74,0.85,141.35,90.49,111281.0,299.0,-380635.0,-0.83,-1074200.0,-2.35,693565.0,1.52,289870.0,0.63,90765.0,0.2,10.0,4.101,4.109,1311094208.0,5392530478,5392530478,2024-06-28,2024-06-28 16:11:58+08:00
290,513350,标普油气ETF,1.083,1.057,-2.46,0.006,0.56,59532.0,6437334.0,1.08,1.084,1.079,1.077,0.46,9.49,0.82,33.45,33478.0,26054.0,-865747.0,-13.45,-458768.0,-7.13,-406979.0,-6.32,618441.0,9.61,247306.0,3.84,26.0,1.082,1.083,62746000.0,67953918,67953918,2024-06-28,2024-06-28 16:11:51+08:00
291,159686,中证100ETF易方达,0.903,0.9017,-0.14,0.005,0.56,2853.0,257622.1,0.897,0.906,0.897,0.898,1.0,1.11,1.9,-57.34,1460.0,1393.0,8988.0,3.49,0.0,0.0,8988.0,3.49,0.0,0.0,-8989.0,-3.49,10.0,0.894,0.901,25815386.0,23311294,23311294,2024-06-28,2024-06-28 15:34:51+08:00
292,159845,中证1000ETF,1.989,1.9912,0.11,0.011,0.56,4305776.0,863840246.894,1.975,2.021,1.973,1.978,2.43,6.56,1.34,57.1,2322909.0,1982866.0,-55807423.0,-6.46,-163361824.0,-18.91,107554401.0,12.45,43343380.0,5.02,12464037.0,1.44,-7267.0,1.989,1.99,6560425728.0,13048686773,13048686773,2024-06-28,2024-06-28 15:34:12+08:00
293,561300,300增强ETF,0.724,0.724,0.0,0.004,0.56,606999.0,43961834.0,0.718,0.728,0.717,0.72,1.53,2.55,0.93,44.43,315325.0,291674.0,1193371.0,2.71,-3121095.0,-7.1,4314466.0,9.81,-982640.0,-2.24,-210730.0,-0.48,8.0,0.723,0.724,2377965008.0,1721646666,1721646666,2024-06-28,2024-06-28 16:11:41+08:00
294,159895,物联网50ETF,0.731,0.7334,0.33,0.004,0.55,101457.0,7444661.9,0.729,0.737,0.729,0.727,1.1,25.21,12.09,7.55,30149.0,71308.0,-217840.0,-2.93,-2158490.0,-28.99,1940650.0,26.07,205120.0,2.76,12719.0,0.17,2050.0,0.731,0.732,40241864.0,29416803,29416803,2024-06-28,2024-06-28 15:35:00+08:00
295,561180,A100ETF,0.928,0.9255,-0.27,0.005,0.54,97520.0,9039397.0,0.921,0.93,0.921,0.923,0.98,5.2,0.62,20.65,43308.0,54212.0,162470.0,1.8,616841.0,6.82,-454371.0,-5.03,-145558.0,-1.61,-16912.0,-0.19,103.0,0.926,0.928,187609600.0,174101709,174101709,2024-06-28,2024-06-28 16:11:55+08:00
296,159610,500ETF增强,0.749,0.7475,-0.2,0.004,0.54,261852.0,19612616.3,0.745,0.754,0.742,0.745,1.61,2.81,1.51,-31.23,146664.0,115188.0,-2265929.0,-11.55,-4506560.0,-22.98,2240631.0,11.42,2167709.0,11.05,98220.0,0.5,1154.0,0.746,0.748,930568208.0,696995588,696995588,2024-06-28,2024-06-28 15:34:27+08:00
297,159711,港股通ETF,0.937,0.9382,0.13,0.005,0.54,1565.0,146426.5,0.94,0.941,0.932,0.932,0.97,0.41,0.34,-8.94,522.0,1043.0,15090.0,10.31,0.0,0.0,15090.0,10.31,-23973.0,-16.37,8882.0,6.07,1.0,0.937,0.938,38465157.0,36041852,36041852,2024-06-28,2024-06-28 15:35:00+08:00
298,561990,沪深300增强ETF,0.755,0.7554,0.05,0.004,0.53,861103.0,64958040.0,0.751,0.759,0.748,0.751,1.46,11.69,1.25,11.08,399211.0,461892.0,13070820.0,20.12,15698277.0,24.17,-2627457.0,-4.04,-12789976.0,-19.69,-280845.0,-0.43,10.0,0.754,0.755,736649200.0,556170146,556170146,2024-06-28,2024-06-28 16:11:41+08:00
299,513600,恒生指数ETF,2.084,2.0726,-0.55,0.011,0.53,672771.0,140154997.0,2.066,2.095,2.063,2.073,1.54,11.64,1.25,-2.83,351890.0,320881.0,9766799.0,6.97,7718129.0,5.51,2048670.0,1.46,-7348888.0,-5.24,-2417912.0,-1.73,-50.0,2.083,2.085,577829504.0,1204196686,1204196686,2024-06-28,2024-06-28 16:11:37+08:00
300,515100,红利低波100ETF,1.328,1.3265,-0.11,0.007,0.53,557900.0,74206411.0,1.318,1.337,1.318,1.321,1.44,0.99,0.87,-25.78,303302.0,254598.0,-13237664.0,-17.84,-7264348.0,-9.79,-5973316.0,-8.05,10918214.0,14.71,2319448.0,3.13,269.0,1.327,1.328,5640441600.0,7490506445,7490506445,2024-06-28,2024-06-28 16:11:47+08:00
301,510370,300指数ETF,0.761,0.7618,0.11,0.004,0.53,2429.0,184133.0,0.758,0.765,0.757,0.757,1.06,0.25,0.89,-2.0,1925.0,504.0,-130593.0,-70.92,0.0,0.0,-130593.0,-70.92,128779.0,69.94,1815.0,0.99,-1.0,0.759,0.761,96258100.0,73252414,73252414,2024-06-28,2024-06-28 16:11:45+08:00
302,159307,红利低波100ETF,0.963,0.9608,-0.23,0.005,0.52,30024.0,2886408.6,0.958,0.965,0.954,0.958,1.15,1.23,0.8,-83.0,12763.0,17261.0,173051.0,6.0,614038.0,21.27,-440987.0,-15.28,-307086.0,-10.64,134036.0,4.64,1.0,0.961,0.963,244903552.0,235842121,235842121,2024-06-28,2024-06-28 15:34:21+08:00
303,512090,MSCIA股ETF易方达,1.366,1.3675,0.11,0.007,0.52,96647.0,13236094.0,1.364,1.377,1.36,1.359,1.25,3.12,1.45,42.59,42393.0,54254.0,418128.0,3.16,0.0,0.0,418128.0,3.16,-460322.0,-3.48,42193.0,0.32,-2000.0,1.365,1.37,309592304.0,422903087,422903087,2024-06-28,2024-06-28 16:11:34+08:00
304,512100,中证1000ETF,1.983,1.9854,0.12,0.01,0.51,7240613.0,1447707051.0,1.967,2.016,1.966,1.973,2.53,6.09,1.7,27.48,4066065.0,3174548.0,-39777824.0,-2.75,-206210080.0,-14.24,166432256.0,11.5,14861333.0,1.03,24916483.0,1.72,-489.0,1.984,1.985,11889217536.0,23576318374,23576318374,2024-06-28,2024-06-28 16:11:40+08:00
305,159633,中证1000指数ETF,1.994,1.9964,0.12,0.01,0.5,748661.0,150456176.449,1.966,2.025,1.966,1.984,2.97,7.05,1.29,4.72,309841.0,438820.0,-20069284.0,-13.34,-20398514.0,-13.56,329230.0,0.22,14314457.0,9.51,5754826.0,3.82,143.0,1.992,1.994,1062162656.0,2117952336,2117952336,2024-06-28,2024-06-28 15:34:06+08:00
306,159573,创业板200ETF华夏,0.811,0.8098,-0.15,0.004,0.5,217691.0,17779971.015,0.803,0.824,0.803,0.807,2.6,5.77,1.14,18.76,135737.0,81954.0,-342517.0,-1.93,-1890712.0,-10.63,1548195.0,8.71,54328.0,0.31,288188.0,1.62,125.0,0.81,0.811,377456304.0,306117063,306117063,2024-06-28,2024-06-28 15:34:30+08:00
307,512750,基本面50ETF,1.217,1.2173,0.02,0.006,0.5,84830.0,10324448.0,1.212,1.221,1.21,1.211,0.91,8.22,1.33,-4.86,47136.0,37694.0,239849.0,2.32,0.0,0.0,239849.0,2.32,-172541.0,-1.67,-67308.0,-0.65,-1.0,1.218,1.22,103254900.0,125661213,125661213,2024-06-28,2024-06-28 16:11:40+08:00
308,159936,可选消费ETF,1.628,1.6304,0.15,0.008,0.49,15486.0,2524381.0,1.618,1.637,1.611,1.62,1.6,1.31,0.75,85.09,8035.0,7451.0,-275780.0,-10.92,0.0,0.0,-275780.0,-10.92,307773.0,12.19,-31993.0,-1.27,-3.0,1.628,1.629,118156094.0,192358121,192358121,2024-06-28,2024-06-28 15:34:18+08:00
309,513990,港股通ETF,0.815,0.8002,-1.85,0.004,0.49,61861.0,5034201.0,0.81,0.818,0.81,0.811,0.99,8.84,1.27,-17.65,35481.0,26380.0,159611.0,3.17,324800.0,6.45,-165189.0,-3.28,-168318.0,-3.34,8706.0,0.17,-100.0,0.813,0.815,70000000.0,57050000,57050000,2024-06-28,2024-06-28 16:11:46+08:00
310,159589,红利100ETF,1.02,1.0215,0.15,0.005,0.49,85111.0,8696285.326,1.017,1.025,1.017,1.015,0.79,20.46,1.24,-17.75,51563.0,33548.0,66774.0,0.77,0.0,0.0,66774.0,0.77,-43781.0,-0.5,-22993.0,-0.26,100.0,1.019,1.02,41590005.0,42421805,42421805,2024-06-28,2024-06-28 15:34:51+08:00
311,159532,中证2000指数ETF,0.835,0.8345,-0.06,0.004,0.48,65915.0,5535435.3,0.831,0.846,0.826,0.831,2.41,9.76,1.28,0.79,44607.0,21308.0,285496.0,5.16,-29463.0,-0.53,314959.0,5.69,-223324.0,-4.03,-62173.0,-1.12,15.0,0.834,0.835,67564791.0,56416600,56416600,2024-06-28,2024-06-28 15:34:42+08:00
312,159687,亚太精选ETF,1.253,1.2486,-0.35,0.006,0.48,48335.0,6050778.251,1.249,1.255,1.248,1.247,0.56,5.39,0.86,22.17,22653.0,25682.0,-237753.0,-3.93,0.0,0.0,-237753.0,-3.93,-467761.0,-7.73,705515.0,11.66,848.0,1.252,1.253,89628658.0,112304708,112304708,2024-06-28,2024-06-28 15:35:03+08:00
313,159807,科技ETF,0.42,0.4199,-0.02,0.002,0.48,365920.0,15403757.724,0.42,0.424,0.417,0.418,1.67,2.73,1.21,31.81,149503.0,216417.0,-595806.0,-3.87,-1904162.0,-12.36,1308356.0,8.49,306328.0,1.99,289478.0,1.88,531.0,0.419,0.42,1339051424.0,562401598,562401598,2024-06-28,2024-06-28 15:34:33+08:00
314,159677,1000增强ETF,0.84,0.8395,-0.06,0.004,0.48,311427.0,26318209.4,0.834,0.851,0.834,0.836,2.03,33.52,1.3,-39.95,144614.0,166813.0,-460131.0,-1.75,-1837393.0,-6.98,1377262.0,5.23,447513.0,1.7,12618.0,0.05,200.0,0.838,0.84,92904091.0,78039436,78039436,2024-06-28,2024-06-28 15:34:33+08:00
315,560100,中证500增强ETF,0.848,0.8474,-0.07,0.004,0.47,124463.0,10589083.0,0.843,0.857,0.843,0.844,1.66,11.1,0.94,-4.06,52647.0,71816.0,-106178.0,-1.0,1215687.0,11.48,-1321865.0,-12.48,129442.0,1.22,-23265.0,-0.22,30.0,0.846,0.848,112080300.0,95044094,95044094,2024-06-28,2024-06-28 16:11:48+08:00
316,563030,中证500ETF增强,0.867,0.8675,0.06,0.004,0.46,64344.0,5621544.0,0.856,0.878,0.856,0.863,2.55,2.45,1.28,-36.02,37534.0,26810.0,66619.0,1.19,0.0,0.0,66619.0,1.19,-70568.0,-1.26,3949.0,0.07,200.0,0.866,0.867,262169000.0,227300523,227300523,2024-06-28,2024-06-28 16:11:34+08:00
317,515080,中证红利ETF,1.524,1.5227,-0.09,0.007,0.46,1155445.0,176233263.0,1.514,1.532,1.513,1.517,1.25,3.19,1.06,-12.66,611567.0,543878.0,-24528029.0,-13.92,-29399238.0,-16.68,4871209.0,2.76,19761029.0,11.21,4767001.0,2.7,-3808.0,1.524,1.525,3623148896.0,5521678918,5521678918,2024-06-28,2024-06-28 16:11:58+08:00
318,562800,稀有金属ETF,0.438,0.4392,0.27,0.002,0.46,332458.0,14638465.0,0.435,0.444,0.434,0.436,2.29,1.76,0.65,-21.87,162279.0,170179.0,471537.0,3.22,1278957.0,8.74,-807420.0,-5.52,-172937.0,-1.18,-298599.0,-2.04,-600.0,0.438,0.439,1894045008.0,829591714,829591714,2024-06-28,2024-06-28 16:12:01+08:00
319,159629,1000ETF,1.983,1.9858,0.14,0.009,0.46,1040164.0,208075456.908,1.96,2.015,1.96,1.974,2.79,3.78,1.49,1.42,671436.0,368728.0,-42003291.0,-20.19,-53153431.0,-25.55,11150140.0,5.36,41491613.0,19.94,511679.0,0.25,-600.0,1.983,1.984,2751252656.0,5455734017,5455734017,2024-06-28,2024-06-28 15:35:03+08:00
320,159529,标普消费ETF,1.103,1.0773,-2.39,0.005,0.46,111286.0,12245926.1,1.098,1.103,1.097,1.098,0.55,18.69,2.27,61.72,55034.0,56252.0,-334519.0,-2.73,-221915.0,-1.81,-112604.0,-0.92,246214.0,2.01,88304.0,0.72,2201.0,1.102,1.103,59536791.0,65669080,65669080,2024-06-28,2024-06-28 15:35:00+08:00
321,159678,中证500增强ETF,0.883,0.8859,0.33,0.004,0.46,13660.0,1210176.779,0.884,0.894,0.878,0.879,1.82,1.18,0.87,-10.64,6129.0,7530.0,167829.0,13.87,0.0,0.0,167829.0,13.87,-153931.0,-12.72,-13898.0,-1.15,-25.0,0.883,0.885,115643694.0,102113382,102113382,2024-06-28,2024-06-28 15:34:30+08:00
322,515290,银行ETF天弘,1.109,1.1077,-0.12,0.005,0.45,270535.0,29927127.0,1.109,1.114,1.098,1.104,1.45,0.72,0.85,-11.44,148746.0,121789.0,-754435.0,-2.52,-1364259.0,-4.56,609824.0,2.04,524947.0,1.75,229487.0,0.77,10.0,1.108,1.11,3777472896.0,4189217442,4189217442,2024-06-28,2024-06-28 16:11:59+08:00
323,510290,上证380ETF,1.778,1.779,0.06,0.008,0.45,634.0,112947.0,1.77,1.793,1.77,1.77,1.3,0.07,0.28,-1.03,196.0,438.0,19377.0,17.16,0.0,0.0,19377.0,17.16,0.0,0.0,-19376.0,-17.15,3.0,1.778,1.781,88448900.0,157262144,157262144,2024-06-28,2024-06-28 16:11:55+08:00
324,510190,上证50ETF指数基金,3.339,3.3327,-0.19,0.015,0.45,16314.0,5435846.0,3.332,3.345,3.312,3.324,0.99,3.87,1.13,59.93,11746.0,4568.0,-473138.0,-8.7,0.0,0.0,-473138.0,-8.7,339088.0,6.24,134049.0,2.47,1.0,3.333,3.343,42150800.0,140741521,140741521,2024-06-28,2024-06-28 16:11:40+08:00
325,159673,沪深300ETF鹏华,0.911,0.9108,-0.02,0.004,0.44,228108.0,20821337.0,0.908,0.916,0.907,0.907,0.99,0.8,1.31,-59.0,111746.0,116362.0,802214.0,3.85,-715460.0,-3.44,1517674.0,7.29,-784760.0,-3.77,-17455.0,-0.08,353.0,0.909,0.911,2843528384.0,2590454358,2590454358,2024-06-28,2024-06-28 15:35:00+08:00
326,512260,中证500低波动ETF,1.368,1.3634,-0.34,0.006,0.44,27633.0,3777607.0,1.363,1.376,1.357,1.362,1.4,5.35,3.07,-19.99,12008.0,15625.0,-81469.0,-2.16,0.0,0.0,-81469.0,-2.16,72232.0,1.91,9237.0,0.24,-64.0,1.361,1.363,51697700.0,70722454,70722454,2024-06-28,2024-06-28 16:11:45+08:00
327,560060,碳中和ETF,0.685,0.6843,-0.1,0.003,0.44,90052.0,6175244.0,0.683,0.69,0.682,0.682,1.17,2.28,1.38,86.63,49187.0,40865.0,221472.0,3.59,688211.0,11.14,-466739.0,-7.56,-162706.0,-2.63,-58766.0,-0.95,10.0,0.684,0.685,395090000.0,270636650,270636650,2024-06-28,2024-06-28 16:12:00+08:00
328,515890,红利ETF博时,1.374,1.3744,0.03,0.006,0.44,68233.0,9375930.0,1.368,1.38,1.365,1.368,1.1,0.75,1.17,11.22,35132.0,33101.0,-367293.0,-3.92,954275.0,10.18,-1321568.0,-14.1,386620.0,4.12,-19328.0,-0.21,-5.0,1.374,1.376,914443904.0,1256445924,1256445924,2024-06-28,2024-06-28 16:11:54+08:00
329,159627,A100ETF,0.93,0.929,-0.11,0.004,0.43,34212.0,3179914.6,0.924,0.933,0.924,0.926,0.97,10.33,1.19,-2.01,23606.0,10606.0,-157071.0,-4.94,0.0,0.0,-157071.0,-4.94,146401.0,4.6,10670.0,0.34,-9.0,0.928,0.932,33116776.0,30798602,30798602,2024-06-28,2024-06-28 15:34:33+08:00
330,515920,智能消费ETF,0.7,0.7021,0.3,0.003,0.43,8162.0,573135.0,0.694,0.707,0.694,0.697,1.87,0.31,0.22,-10.92,3995.0,4167.0,-39256.0,-6.85,59372.0,10.36,-98628.0,-17.21,89268.0,15.58,-50012.0,-8.73,-123.0,0.7,0.702,259405700.0,181583990,181583990,2024-06-28,2024-06-28 16:11:52+08:00
331,159526,机器人指数ETF,0.935,0.9383,0.35,0.004,0.43,39108.0,3686139.4,0.931,0.948,0.931,0.931,1.83,12.63,0.83,-7.89,26719.0,12389.0,91365.0,2.48,0.0,0.0,91365.0,2.48,-91155.0,-2.47,-210.0,-0.01,-1.0,0.935,0.94,30962964.0,28950371,28950371,2024-06-28,2024-06-28 15:34:33+08:00
332,562330,中证500价值ETF,0.938,0.9372,-0.09,0.004,0.43,130163.0,12251033.0,0.933,0.945,0.932,0.934,1.39,23.66,1.74,-32.66,67496.0,62667.0,-560594.0,-4.58,0.0,0.0,-560594.0,-4.58,534509.0,4.36,26084.0,0.21,-289.0,0.936,0.939,55018900.0,51607728,51607728,2024-06-28,2024-06-28 16:11:44+08:00
333,159943,深证成指ETF,0.938,0.9327,-0.57,0.004,0.43,127327.0,11957509.0,0.935,0.945,0.931,0.934,1.5,6.36,0.97,-16.05,60064.0,67263.0,249655.0,2.09,0.0,0.0,249655.0,2.09,-163995.0,-1.37,-85659.0,-0.72,54.0,0.937,0.938,200229922.0,187815667,187815667,2024-06-28,2024-06-28 15:34:24+08:00
334,588010,科创新材料ETF,0.471,0.4702,-0.17,0.002,0.43,141006.0,6687864.0,0.469,0.479,0.469,0.469,2.13,9.07,0.74,2.71,65654.0,75352.0,469735.0,7.02,598099.0,8.94,-128364.0,-1.92,-358905.0,-5.37,-110830.0,-1.66,10000.0,0.47,0.471,155425800.0,73205552,73205552,2024-06-28,2024-06-28 16:11:44+08:00
335,561800,稀有金属ETF基金,0.471,0.4708,-0.04,0.002,0.43,17213.0,813109.0,0.468,0.476,0.468,0.469,1.71,0.95,0.64,-59.37,5649.0,11564.0,-23042.0,-2.83,270206.0,33.23,-293248.0,-36.07,35365.0,4.35,-12323.0,-1.52,20.0,0.47,0.471,182077200.0,85758361,85758361,2024-06-28,2024-06-28 16:11:54+08:00
336,512480,半导体ETF,0.71,0.7093,-0.1,0.003,0.42,12052983.0,858725103.0,0.705,0.719,0.703,0.707,2.26,4.18,0.71,23.77,6383597.0,5669386.0,-8785216.0,-1.02,1299280.0,0.15,-10084496.0,-1.17,2824887.0,0.33,5960345.0,0.69,1379.0,0.709,0.71,28833003520.0,20471432499,20471432499,2024-06-28,2024-06-28 16:11:37+08:00
337,588160,科创材料ETF,0.475,0.4739,-0.23,0.002,0.42,114113.0,5455369.0,0.473,0.483,0.473,0.473,2.11,8.78,0.99,6.37,48678.0,65435.0,92833.0,1.7,167941.0,3.08,-75108.0,-1.38,-53802.0,-0.99,-39033.0,-0.72,2.0,0.474,0.476,129996000.0,61748100,61748100,2024-06-28,2024-06-28 16:11:38+08:00
338,159641,双碳ETF,0.713,0.7127,-0.04,0.003,0.42,155969.0,11141579.7,0.704,0.717,0.704,0.71,1.83,3.37,1.19,17.24,63136.0,92833.0,104867.0,0.94,0.0,0.0,104867.0,0.94,-55236.0,-0.5,-49630.0,-0.45,26.0,0.712,0.715,462719136.0,329918744,329918744,2024-06-28,2024-06-28 15:34:33+08:00
339,560110,中证1000ETF基金,0.714,0.7152,0.17,0.003,0.42,354930.0,25547308.0,0.712,0.726,0.709,0.711,2.39,8.92,1.03,4.55,184857.0,170073.0,40169.0,0.16,-398007.0,-1.56,438176.0,1.72,34468.0,0.13,-74637.0,-0.29,333.0,0.713,0.714,397903504.0,284103102,284103102,2024-06-28,2024-06-28 16:11:39+08:00
340,159872,智能网联汽车ETF,0.716,0.7162,0.03,0.003,0.42,16747.0,1201938.4,0.712,0.724,0.71,0.713,1.96,2.37,0.29,-80.95,6381.0,10366.0,144125.0,11.99,0.0,0.0,144125.0,11.99,-92227.0,-7.67,-51898.0,-4.32,5.0,0.716,0.719,70799732.0,50692608,50692608,2024-06-28,2024-06-28 15:34:09+08:00
341,513660,恒生ETF,2.173,2.1743,0.06,0.009,0.42,559353.0,121498218.0,2.154,2.184,2.15,2.164,1.57,3.08,0.97,41.06,313964.0,245389.0,1575382.0,1.3,-4515022.0,-3.72,6090404.0,5.01,-2323414.0,-1.91,748032.0,0.62,15.0,2.172,2.173,1817000096.0,3948341209,3948341209,2024-06-28,2024-06-28 16:11:56+08:00
342,562580,可选消费ETF,0.972,0.9725,0.05,0.004,0.41,484.0,47202.0,0.962,0.983,0.962,0.968,2.17,0.18,0.19,20.47,26.0,458.0,-2149.0,-4.55,0.0,0.0,-2149.0,-4.55,0.0,0.0,2150.0,4.55,2.0,0.968,0.983,27223300.0,26461048,26461048,2024-06-28,2024-06-28 16:11:49+08:00
343,159602,中国A50ETF,0.745,0.7448,-0.03,0.003,0.4,207357.0,15444483.427,0.742,0.748,0.74,0.742,1.08,1.31,1.24,-39.0,85862.0,121495.0,4204916.0,27.23,4085225.0,26.45,119691.0,0.77,-4209368.0,-27.25,4453.0,0.03,1011.0,0.744,0.745,1588542944.0,1183464493,1183464493,2024-06-28,2024-06-28 15:34:18+08:00
344,159601,A50ETF,0.746,0.7456,-0.05,0.003,0.4,922081.0,68854619.273,0.743,0.75,0.742,0.743,1.08,1.66,0.71,-29.56,479950.0,442131.0,2659690.0,3.86,4359905.0,6.33,-1700215.0,-2.47,-2339290.0,-3.4,-320400.0,-0.47,-2113.0,0.746,0.747,5540388096.0,4133129520,4133129520,2024-06-28,2024-06-28 15:34:15+08:00
